Store,Date,Cigarette Name,Cigarette UPC,Sell Unit Quantity,Item Number,Cost,Sales,Quantity Sold
3,3/29/20,AM SPIRIT NAT GREEN MN KS BOX,4799585505,1,50825,6.27,7.41,1
3,4/23/20,AM SPIRIT NAT GREEN MN KS BOX,4799585505,1,50825,6.27,7.41,1
3,2/21/20,AM SPIRIT YELLOW RG KS BOX,4799585509,1,50794,6.27,7.41,1
3,3/9/20,AM SPIRIT YELLOW RG KS BOX,4799585509,1,50794,6.27,7.41,1
3,3/14/20,CAMEL BLUE 50 OFF,1230050974,1,50925,5.29,5.86,1
3,3/17/20,CAMEL BLUE 50 OFF,1230050974,1,50925,5.29,5.86,1
3,3/19/20,CAMEL BLUE 50 OFF,1230050974,1,50925,5.29,5.86,1
3,3/20/20,CAMEL BLUE 50 OFF,1230050974,1,50925,5.29,5.86,1
3,3/24/20,CAMEL BLUE 50 OFF,1230050974,1,50925,5.29,5.86,1
3,3/25/20,CAMEL BLUE 50 OFF,1230050974,1,50925,5.29,5.86,1
3,3/26/20,CAMEL BLUE 50 OFF,1230050974,1,50925,5.29,5.86,1
3,3/29/20,CAMEL BLUE 50 OFF,1230050974,1,50925,5.29,5.86,1
3,3/31/20,CAMEL BLUE 50 OFF,1230050974,1,50925,5.29,5.86,1
3,4/5/20,CAMEL BLUE 50 OFF,1230050974,1,50925,5.29,5.86,1
3,2/7/20,CAMEL BLUE REG KS BOX,1230000007,1,50813,5.68,6.23,1
3,2/8/20,CAMEL BLUE REG KS BOX,1230000007,1,50813,5.68,6.23,1
3,2/10/20,CAMEL BLUE REG KS BOX,1230000007,1,50813,5.68,6.23,1
3,2/11/20,CAMEL BLUE REG KS BOX,1230000007,1,50813,17.05,18.69,3
3,2/16/20,CAMEL BLUE REG KS BOX,1230000007,1,50813,5.68,6.23,1
3,2/23/20,CAMEL BLUE REG KS BOX,1230000007,1,50813,5.79,6.36,1
3,2/25/20,CAMEL BLUE REG KS BOX,1230000007,1,50813,5.79,6.36,1
3,2/26/20,CAMEL BLUE REG KS BOX,1230000007,1,50813,5.79,6.36,1
3,2/27/20,CAMEL BLUE REG KS BOX,1230000007,1,50813,5.79,6.36,1
3,3/2/20,CAMEL BLUE REG KS BOX,1230000007,1,50813,11.57,12.72,2
3,3/4/20,CAMEL BLUE REG KS BOX,1230000007,1,50813,5.79,6.36,1
3,3/6/20,CAMEL BLUE REG KS BOX,1230000007,1,50813,11.57,12.72,2
3,4/6/20,CAMEL BLUE REG KS BOX,1230000007,1,50813,5.79,6.36,1
3,4/7/20,CAMEL BLUE REG KS BOX,1230000007,1,50813,5.79,6.36,1
3,4/8/20,CAMEL BLUE REG KS BOX,1230000007,1,50813,5.79,6.36,1
3,4/9/20,CAMEL BLUE REG KS BOX,1230000007,1,50813,5.79,6.36,1
3,4/15/20,CAMEL BLUE REG KS BOX,1230000007,1,50813,5.79,6.36,1
3,4/21/20,CAMEL BLUE REG KS BOX,1230000007,1,50813,5.79,6.36,1
3,4/22/20,CAMEL BLUE REG KS BOX,1230000007,1,50813,5.79,6.36,1
3,4/25/20,CAMEL BLUE REG KS BOX,1230000007,1,50813,5.79,6.36,1
3,4/26/20,CAMEL BLUE REG KS BOX,1230000007,1,50813,5.79,6.36,1
3,4/30/20,CAMEL BLUE REG KS BOX,1230000007,1,50813,5.79,6.36,1
3,2/6/20,CAMEL CRUSH 50 CENT OFF,1230050274,1,50974,5.18,5.83,1
3,2/19/20,CAMEL CRUSH 50 CENT OFF,1230050274,1,50974,5.29,5.86,1
3,3/10/20,CAMEL CRUSH 50 CENT OFF,1230050274,1,50974,5.29,5.86,1
3,3/13/20,CAMEL CRUSH 50 CENT OFF,1230050274,1,50974,5.29,5.86,1
3,3/16/20,CAMEL CRUSH 50 CENT OFF,1230050274,1,50974,10.57,11.72,2
3,3/28/20,CAMEL CRUSH 50 CENT OFF,1230050274,1,50974,5.29,5.86,1
3,3/29/20,CAMEL CRUSH 50 CENT OFF,1230050274,1,50974,5.29,5.86,1
3,4/1/20,CAMEL CRUSH 50 CENT OFF,1230050274,1,50974,5.29,5.86,1
3,4/2/20,CAMEL CRUSH 50 CENT OFF,1230050274,1,50974,5.29,5.86,1
3,4/4/20,CAMEL CRUSH 50 CENT OFF,1230050274,1,50974,5.29,5.86,1
3,4/9/20,CAMEL CRUSH 50 CENT OFF,1230050274,1,50974,5.29,5.86,1
3,2/6/20,CAMEL CRUSH MEN 50 OFF,1230050280,1,50941,10.36,11.66,2
3,2/9/20,CAMEL CRUSH MEN 50 OFF,1230050280,1,50941,5.18,5.83,1
3,2/11/20,CAMEL CRUSH MEN 50 OFF,1230050280,1,50941,5.18,5.83,1
3,2/13/20,CAMEL CRUSH MEN 50 OFF,1230050280,1,50941,5.18,5.83,1
3,2/15/20,CAMEL CRUSH MEN 50 OFF,1230050280,1,50941,10.36,11.66,2
3,2/18/20,CAMEL CRUSH MEN 50 OFF,1230050280,1,50941,5.29,5.86,1
3,2/19/20,CAMEL CRUSH MEN 50 OFF,1230050280,1,50941,5.29,5.86,1
3,2/24/20,CAMEL CRUSH MEN 50 OFF,1230050280,1,50941,10.57,11.72,2
3,2/25/20,CAMEL CRUSH MEN 50 OFF,1230050280,1,50941,5.29,5.86,1
3,2/26/20,CAMEL CRUSH MEN 50 OFF,1230050280,1,50941,5.29,5.86,1
3,2/27/20,CAMEL CRUSH MEN 50 OFF,1230050280,1,50941,5.29,5.86,1
3,2/28/20,CAMEL CRUSH MEN 50 OFF,1230050280,1,50941,5.29,5.86,1
3,2/29/20,CAMEL CRUSH MEN 50 OFF,1230050280,1,50941,5.29,5.86,1
3,3/1/20,CAMEL CRUSH MEN 50 OFF,1230050280,1,50941,5.29,5.86,1
3,3/3/20,CAMEL CRUSH MEN 50 OFF,1230050280,1,50941,5.29,5.86,1
3,3/5/20,CAMEL CRUSH MEN 50 OFF,1230050280,1,50941,5.29,5.86,1
3,3/6/20,CAMEL CRUSH MEN 50 OFF,1230050280,1,50941,5.29,5.86,1
3,4/27/20,CAMEL CRUSH MEN 50 OFF,1230050280,1,50941,5.29,5.86,1
3,4/29/20,CAMEL CRUSH MEN 50 OFF,1230050280,1,50941,5.29,5.86,1
3,5/3/20,CAMEL CRUSH MEN 50 OFF,1230050280,1,50941,5.29,5.86,1
3,2/14/20,CAMEL CRUSH MEN SLVR 50 OFF,1230050283,1,50920,25.91,29.15,5
3,2/20/20,CAMEL CRUSH MEN SLVR 50 OFF,1230050283,1,50920,5.29,5.86,1
3,2/25/20,CAMEL CRUSH MEN SLVR 50 OFF,1230050283,1,50920,5.29,5.86,1
3,2/29/20,CAMEL CRUSH MEN SLVR 50 OFF,1230050283,1,50920,5.29,5.86,1
3,3/1/20,CAMEL CRUSH MEN SLVR 50 OFF,1230050283,1,50920,5.29,5.86,1
3,3/9/20,CAMEL CRUSH MEN SLVR 50 OFF,1230050283,1,50920,5.29,5.86,1
3,3/13/20,CAMEL CRUSH MEN SLVR 50 OFF,1230050283,1,50920,5.29,5.86,1
3,3/14/20,CAMEL CRUSH MEN SLVR 50 OFF,1230050283,1,50920,5.29,5.86,1
3,3/26/20,CAMEL CRUSH MEN SLVR 50 OFF,1230050283,1,50920,5.29,5.86,1
3,3/29/20,CAMEL CRUSH MEN SLVR 50 OFF,1230050283,1,50920,5.29,5.86,1
3,3/30/20,CAMEL CRUSH MEN SLVR 50 OFF,1230050283,1,50920,5.29,5.86,1
3,4/2/20,CAMEL CRUSH MEN SLVR 50 OFF,1230050283,1,50920,10.57,11.72,2
3,4/5/20,CAMEL CRUSH MEN SLVR 50 OFF,1230050283,1,50920,5.29,5.86,1
3,4/6/20,CAMEL CRUSH MEN SLVR 50 OFF,1230050283,1,50920,5.29,5.86,1
3,4/8/20,CAMEL CRUSH MEN SLVR 50 OFF,1230050283,1,50920,15.86,17.58,3
3,5/2/20,CAMEL CRUSH MEN SLVR 50 OFF,1230050283,1,50920,5.29,5.86,1
3,5/3/20,CAMEL CRUSH MEN SLVR 50 OFF,1230050283,1,50920,5.29,5.86,1
3,4/13/20,CAMEL CRUSH RICH   50 OFF,1230010877,1,10145,5.29,5.86,1
3,3/15/20,CAMEL CRUSH RICH $1.00 OFF,1230010880,1,51057,4.56,5.36,1
3,2/21/20,CAMEL MEN KS BX,1230000093,1,50804,5.79,6.46,1
3,2/22/20,CAMEL MEN KS BX,1230000093,1,50804,11.57,12.92,2
3,3/7/20,CAMEL MEN KS BX,1230000093,1,50804,5.79,6.46,1
3,3/9/20,CAMEL MEN KS BX,1230000093,1,50804,5.79,6.46,1
3,3/10/20,CAMEL MEN KS BX,1230000093,1,50804,5.79,6.46,1
3,3/11/20,CAMEL MEN KS BX,1230000093,1,50804,11.57,12.92,2
3,3/14/20,CAMEL MEN KS BX,1230000093,1,50804,5.79,6.46,1
3,3/15/20,CAMEL MEN KS BX,1230000093,1,50804,17.36,19.38,3
3,3/18/20,CAMEL MEN KS BX,1230000093,1,50804,5.79,6.46,1
3,3/21/20,CAMEL MEN KS BX,1230000093,1,50804,5.79,6.46,1
3,3/22/20,CAMEL MEN KS BX,1230000093,1,50804,5.79,6.46,1
3,3/23/20,CAMEL MEN KS BX,1230000093,1,50804,5.79,6.46,1
3,3/25/20,CAMEL MEN KS BX,1230000093,1,50804,5.79,6.46,1
3,3/26/20,CAMEL MEN KS BX,1230000093,1,50804,5.79,6.46,1
3,3/27/20,CAMEL MEN KS BX,1230000093,1,50804,5.79,6.46,1
3,3/28/20,CAMEL MEN KS BX,1230000093,1,50804,11.57,12.92,2
3,3/29/20,CAMEL MEN KS BX,1230000093,1,50804,5.79,6.46,1
3,3/30/20,CAMEL MEN KS BX,1230000093,1,50804,11.57,12.92,2
3,3/31/20,CAMEL MEN KS BX,1230000093,1,50804,11.57,12.92,2
3,4/1/20,CAMEL MEN KS BX,1230000093,1,50804,5.79,6.46,1
3,4/3/20,CAMEL MEN KS BX,1230000093,1,50804,23.15,25.84,4
3,4/4/20,CAMEL MEN KS BX,1230000093,1,50804,5.79,6.46,1
3,4/5/20,CAMEL MEN KS BX,1230000093,1,50804,5.79,6.46,1
3,4/6/20,CAMEL MEN KS BX,1230000093,1,50804,5.79,6.46,1
3,4/7/20,CAMEL MEN KS BX,1230000093,1,50804,5.79,6.46,1
3,4/9/20,CAMEL MEN KS BX,1230000093,1,50804,5.79,6.46,1
3,4/11/20,CAMEL MEN KS BX,1230000093,1,50804,5.79,6.46,1
3,4/13/20,CAMEL MEN KS BX,1230000093,1,50804,11.57,12.92,2
3,4/15/20,CAMEL MEN KS BX,1230000093,1,50804,11.57,12.92,2
3,4/16/20,CAMEL MEN KS BX,1230000093,1,50804,5.79,6.46,1
3,4/17/20,CAMEL MEN KS BX,1230000093,1,50804,11.57,12.52,2
3,4/19/20,CAMEL MEN KS BX,1230000093,1,50804,5.79,6.46,1
3,4/20/20,CAMEL MEN KS BX,1230000093,1,50804,11.57,12.92,2
3,4/22/20,CAMEL MEN KS BX,1230000093,1,50804,5.79,6.26,1
3,4/23/20,CAMEL MEN KS BX,1230000093,1,50804,5.79,6.26,1
3,4/24/20,CAMEL MEN KS BX,1230000093,1,50804,5.79,6.46,1
3,4/26/20,CAMEL MEN KS BX,1230000093,1,50804,5.79,6.46,1
3,3/2/20,CAMEL REG KS BOX,1230000003,1,50859,11.57,12.72,2
3,3/23/20,CAMEL REG KS BOX,1230000003,1,50859,11.57,12.72,2
3,3/25/20,CAMEL REG KS BOX,1230000003,1,50859,11.57,12.72,2
3,4/23/20,CAMEL REG KS BOX,1230000003,1,50859,11.57,12.32,2
3,4/10/20,CAMEL SILVER MEN KS BX,1230000094,1,50811,5.79,6.46,1
3,4/21/20,CAMEL SILVER MEN KS BX,1230000094,1,50811,11.57,12.52,2
3,4/22/20,CAMEL SILVER MEN KS BX,1230000094,1,50811,5.79,6.26,1
3,4/23/20,CAMEL SILVER MEN KS BX,1230000094,1,50811,5.79,6.26,1
3,4/30/20,CAMEL SILVER MEN KS BX,1230000094,1,50811,5.79,6.46,1
3,2/23/20,CAMEL T BL JADE SLV 50 OFF,1230084438,1,50997,4.77,5.86,1
3,2/27/20,CAMEL T BL JADE SLV 50 OFF,1230084438,1,50997,4.77,5.86,1
3,4/17/20,CAMEL T GOLD BX 50 1PK,1230084414,1,50951,4.88,5.86,1
3,3/4/20,CHESTERFIELD 100 S BOX,2820033032,1,51303,5.29,4.93,1
3,3/11/20,CHESTERFIELD 100 S BOX,2820033032,1,51303,5.29,4.95,1
3,3/11/20,CHESTERFIELD BLUE 100 BX,2820033082,1,10022,5.29,4.95,1
3,2/20/20,CHESTERFIELD M 100 S BOX,2820033052,1,51305,5.29,4.93,1
3,4/4/20,CHESTERFIELD M 100 S BOX,2820033052,1,51305,5.29,4.95,1
3,3/14/20,CHESTERFIELD MEN BOX KING,2820033042,1,51304,5.29,4.95,1
3,4/13/20,DORAL GOLD REG KS BX,1230084199,1,50768,6.38,7.52,1
3,4/4/20,DORAL MENTHOL KS BOX,1230023283,1,50798,6.13,7.52,1
3,4/6/20,DORAL MENTHOL KS BOX,1230023283,1,50798,6.13,7.52,1
3,2/7/20,EAGLE BLUE 100 BX,1100000287,1,51001,3.45,4.83,1
3,2/11/20,EAGLE BLUE 100 BX,1100000287,1,51001,3.45,4.83,1
3,2/13/20,EAGLE BLUE 100 BX,1100000287,1,51001,3.45,4.83,1
3,2/14/20,EAGLE BLUE 100 BX,1100000287,1,51001,3.45,4.83,1
3,2/18/20,EAGLE BLUE 100 BX,1100000287,1,51001,3.54,5.69,1
3,2/24/20,EAGLE BLUE 100 BX,1100000287,1,51001,3.54,4.95,1
3,2/26/20,EAGLE BLUE 100 BX,1100000287,1,51001,3.54,4.95,1
3,3/6/20,EAGLE BLUE 100 BX,1100000287,1,51001,3.54,4.95,1
3,3/11/20,EAGLE BLUE 100 BX,1100000287,1,51001,3.54,4.95,1
3,3/18/20,EAGLE BLUE 100 BX,1100000287,1,51001,3.54,4.95,1
3,3/20/20,EAGLE BLUE 100 BX,1100000287,1,51001,14.14,19.8,4
3,3/21/20,EAGLE BLUE 100 BX,1100000287,1,51001,3.54,4.95,1
3,3/30/20,EAGLE BLUE 100 BX,1100000287,1,51001,3.54,4.95,1
3,4/1/20,EAGLE BLUE 100 BX,1100000287,1,51001,3.54,4.95,1
3,4/12/20,EAGLE BLUE 100 BX,1100000287,1,51001,3.54,4.95,1
3,4/18/20,EAGLE BLUE 100 BX,1100000287,1,51001,3.54,4.95,1
3,4/30/20,EAGLE BLUE 100 BX,1100000287,1,51001,3.54,4.95,1
3,4/1/20,EAGLE BLUE KS BX,1100000282,1,51000,3.54,4.95,1
3,2/6/20,EAGLE RED 100 BX,1100000288,1,50999,3.45,4.83,1
3,2/7/20,EAGLE RED 100 BX,1100000288,1,50999,3.45,4.83,1
3,2/9/20,EAGLE RED 100 BX,1100000288,1,50999,6.9,9.66,2
3,2/12/20,EAGLE RED 100 BX,1100000288,1,50999,6.9,9.66,2
3,2/13/20,EAGLE RED 100 BX,1100000288,1,50999,3.45,4.83,1
3,2/19/20,EAGLE RED 100 BX,1100000288,1,50999,3.54,4.95,1
3,2/20/20,EAGLE RED 100 BX,1100000288,1,50999,3.54,4.95,1
3,3/1/20,EAGLE RED 100 BX,1100000288,1,50999,3.54,4.95,1
3,3/4/20,EAGLE RED 100 BX,1100000288,1,50999,3.54,4.95,1
3,3/7/20,EAGLE RED 100 BX,1100000288,1,50999,7.07,9.9,2
3,3/10/20,EAGLE RED 100 BX,1100000288,1,50999,3.54,4.95,1
3,3/15/20,EAGLE RED 100 BX,1100000288,1,50999,10.61,14.85,3
3,3/17/20,EAGLE RED 100 BX,1100000288,1,50999,7.07,9.9,2
3,3/20/20,EAGLE RED 100 BX,1100000288,1,50999,3.54,4.95,1
3,3/29/20,EAGLE RED 100 BX,1100000288,1,50999,7.07,9.9,2
3,3/30/20,EAGLE RED 100 BX,1100000288,1,50999,3.54,4.95,1
3,4/7/20,EAGLE RED 100 BX,1100000288,1,50999,10.61,14.85,3
3,4/11/20,EAGLE RED 100 BX,1100000288,1,50999,3.54,4.95,1
3,4/12/20,EAGLE RED 100 BX,1100000288,1,50999,3.54,4.95,1
3,4/15/20,EAGLE RED 100 BX,1100000288,1,50999,3.54,4.95,1
3,4/19/20,EAGLE RED 100 BX,1100000288,1,50999,10.61,14.85,3
3,4/20/20,EAGLE RED 100 BX,1100000288,1,50999,10.61,14.85,3
3,4/21/20,EAGLE RED 100 BX,1100000288,1,50999,10.61,14.85,3
3,4/22/20,EAGLE RED 100 BX,1100000288,1,50999,3.54,4.95,1
3,4/26/20,EAGLE RED 100 BX,1100000288,1,50999,3.54,4.95,1
3,4/30/20,EAGLE RED 100 BX,1100000288,1,50999,3.54,4.95,1
3,5/2/20,EAGLE RED 100 BX,1100000288,1,50999,3.54,4.95,1
3,2/9/20,EAGLE RED KS BX,1100000283,1,50998,3.45,4.83,1
3,2/24/20,EAGLE RED KS BX,1100000283,1,50998,3.54,4.95,1
3,3/6/20,EAGLE RED KS BX,1100000283,1,50998,3.54,4.95,1
3,4/4/20,EAGLE RED KS BX,1100000283,1,50998,3.54,4.95,1
3,5/3/20,EAGLE RED KS BX,1100000283,1,50998,3.54,4.95,1
3,2/24/20,KOOL 100 BOX 50  OFF,9050001001,1,51301,15.72,16.44,3
3,2/25/20,KOOL 100 BOX 50  OFF,9050001001,1,51301,15.72,16.44,3
3,2/27/20,KOOL 100 BOX 50  OFF,9050001001,1,51301,20.96,21.92,4
3,2/28/20,KOOL 100 BOX 50  OFF,9050001001,1,51301,10.48,10.96,2
3,2/29/20,KOOL 100 BOX 50  OFF,9050001001,1,51301,5.24,5.48,1
3,3/1/20,KOOL 100 BOX 50  OFF,9050001001,1,51301,15.72,16.44,3
3,3/2/20,KOOL 100 BOX 50  OFF,9050001001,1,51301,26.2,27.4,5
3,4/27/20,KOOL 100 BOX 50  OFF,9050001001,1,51301,15.72,16.44,3
3,4/29/20,KOOL 100 BOX 50  OFF,9050001001,1,51301,15.72,16.44,3
3,4/30/20,KOOL 100 BOX 50  OFF,9050001001,1,51301,31.43,32.88,6
3,5/1/20,KOOL 100 BOX 50  OFF,9050001001,1,51301,10.48,10.96,2
3,2/10/20,KOOL BLUE MEN KS BX,9050000086,1,50900,5.66,5.88,1
3,2/12/20,KOOL BLUE MEN KS BX,9050000086,1,50900,5.66,5.88,1
3,2/14/20,KOOL BLUE MEN KS BX,9050000086,1,50900,5.66,5.88,1
3,2/16/20,KOOL BLUE MEN KS BX,9050000086,1,50900,11.31,11.76,2
3,2/18/20,KOOL BLUE MEN KS BX,9050000086,1,50900,5.74,5.88,1
3,2/20/20,KOOL BLUE MEN KS BX,9050000086,1,50900,11.48,11.96,2
3,2/22/20,KOOL BLUE MEN KS BX,9050000086,1,50900,5.74,5.98,1
3,2/23/20,KOOL BLUE MEN KS BX,9050000086,1,50900,5.74,5.98,1
3,2/27/20,KOOL BLUE MEN KS BX,9050000086,1,50900,5.74,5.98,1
3,2/28/20,KOOL BLUE MEN KS BX,9050000086,1,50900,11.48,11.96,2
3,3/1/20,KOOL BLUE MEN KS BX,9050000086,1,50900,5.74,5.98,1
3,3/4/20,KOOL BLUE MEN KS BX,9050000086,1,50900,5.74,5.98,1
3,3/6/20,KOOL BLUE MEN KS BX,9050000086,1,50900,5.74,5.98,1
3,3/11/20,KOOL BLUE MEN KS BX,9050000086,1,50900,5.74,5.98,1
3,3/18/20,KOOL BLUE MEN KS BX,9050000086,1,50900,5.74,5.98,1
3,3/19/20,KOOL BLUE MEN KS BX,9050000086,1,50900,5.74,5.98,1
3,3/24/20,KOOL BLUE MEN KS BX,9050000086,1,50900,11.48,11.96,2
3,3/29/20,KOOL BLUE MEN KS BX,9050000086,1,50900,5.74,5.98,1
3,4/3/20,KOOL BLUE MEN KS BX,9050000086,1,50900,11.48,11.96,2
3,4/5/20,KOOL BLUE MEN KS BX,9050000086,1,50900,11.48,11.96,2
3,4/12/20,KOOL BLUE MEN KS BX,9050000086,1,50900,11.48,11.96,2
3,4/14/20,KOOL BLUE MEN KS BX,9050000086,1,50900,5.74,5.98,1
3,4/19/20,KOOL BLUE MEN KS BX,9050000086,1,50900,11.48,11.96,2
3,4/22/20,KOOL BLUE MEN KS BX,9050000086,1,50900,5.74,5.98,1
3,4/25/20,KOOL BLUE MEN KS BX,9050000086,1,50900,5.74,5.98,1
3,4/29/20,KOOL BLUE MEN KS BX,9050000086,1,50900,5.74,6.89,1
3,2/5/20,KOOL FF MEN 100 BX,9050000073,1,50887,5.66,5.88,1
3,2/6/20,KOOL FF MEN 100 BX,9050000073,1,50887,39.59,41.16,7
3,2/7/20,KOOL FF MEN 100 BX,9050000073,1,50887,11.31,11.76,2
3,2/8/20,KOOL FF MEN 100 BX,9050000073,1,50887,5.66,5.88,1
3,2/9/20,KOOL FF MEN 100 BX,9050000073,1,50887,11.31,11.76,2
3,2/11/20,KOOL FF MEN 100 BX,9050000073,1,50887,11.31,11.76,2
3,2/12/20,KOOL FF MEN 100 BX,9050000073,1,50887,28.28,29.4,5
3,2/13/20,KOOL FF MEN 100 BX,9050000073,1,50887,39.59,41.16,7
3,2/14/20,KOOL FF MEN 100 BX,9050000073,1,50887,11.31,11.76,2
3,2/16/20,KOOL FF MEN 100 BX,9050000073,1,50887,16.97,17.64,3
3,2/17/20,KOOL FF MEN 100 BX,9050000073,1,50887,33.93,35.28,6
3,2/19/20,KOOL FF MEN 100 BX,9050000073,1,50887,11.48,11.96,2
3,2/20/20,KOOL FF MEN 100 BX,9050000073,1,50887,22.96,23.92,4
3,2/22/20,KOOL FF MEN 100 BX,9050000073,1,50887,34.43,35.88,6
3,2/23/20,KOOL FF MEN 100 BX,9050000073,1,50887,5.74,5.98,1
3,3/2/20,KOOL FF MEN 100 BX,9050000073,1,50887,5.74,5.98,1
3,3/3/20,KOOL FF MEN 100 BX,9050000073,1,50887,11.48,11.96,2
3,3/4/20,KOOL FF MEN 100 BX,9050000073,1,50887,22.96,23.92,4
3,3/5/20,KOOL FF MEN 100 BX,9050000073,1,50887,17.22,17.94,3
3,3/6/20,KOOL FF MEN 100 BX,9050000073,1,50887,17.22,17.94,3
3,3/7/20,KOOL FF MEN 100 BX,9050000073,1,50887,34.43,35.88,6
3,3/8/20,KOOL FF MEN 100 BX,9050000073,1,50887,22.96,23.92,4
3,3/9/20,KOOL FF MEN 100 BX,9050000073,1,50887,11.48,11.96,2
3,3/10/20,KOOL FF MEN 100 BX,9050000073,1,50887,11.48,11.96,2
3,3/11/20,KOOL FF MEN 100 BX,9050000073,1,50887,11.48,11.96,2
3,3/12/20,KOOL FF MEN 100 BX,9050010019,10,50887,57.39,55.69,1
3,3/12/20,KOOL FF MEN 100 BX,9050000073,1,50887,17.22,17.94,3
3,3/13/20,KOOL FF MEN 100 BX,9050000073,1,50887,17.22,17.94,3
3,3/14/20,KOOL FF MEN 100 BX,9050000073,1,50887,17.22,17.94,3
3,3/15/20,KOOL FF MEN 100 BX,9050000073,1,50887,22.96,23.92,4
3,3/16/20,KOOL FF MEN 100 BX,9050000073,1,50887,17.22,17.94,3
3,3/17/20,KOOL FF MEN 100 BX,9050000073,1,50887,11.48,11.96,2
3,3/18/20,KOOL FF MEN 100 BX,9050000073,1,50887,28.7,29.9,5
3,3/19/20,KOOL FF MEN 100 BX,9050000073,1,50887,5.74,5.98,1
3,3/20/20,KOOL FF MEN 100 BX,9050000073,1,50887,11.48,11.96,2
3,3/21/20,KOOL FF MEN 100 BX,9050000073,1,50887,17.22,17.94,3
3,3/22/20,KOOL FF MEN 100 BX,9050000073,1,50887,11.48,11.96,2
3,3/23/20,KOOL FF MEN 100 BX,9050000073,1,50887,11.48,11.96,2
3,3/24/20,KOOL FF MEN 100 BX,9050000073,1,50887,5.74,5.98,1
3,3/25/20,KOOL FF MEN 100 BX,9050000073,1,50887,11.48,11.96,2
3,3/26/20,KOOL FF MEN 100 BX,9050000073,1,50887,22.96,23.92,4
3,3/27/20,KOOL FF MEN 100 BX,9050000073,1,50887,17.22,17.94,3
3,3/28/20,KOOL FF MEN 100 BX,9050000073,1,50887,45.91,47.84,8
3,3/29/20,KOOL FF MEN 100 BX,9050000073,1,50887,17.22,17.94,3
3,3/30/20,KOOL FF MEN 100 BX,9050000073,1,50887,28.7,29.9,5
3,3/31/20,KOOL FF MEN 100 BX,9050000073,1,50887,17.22,17.94,3
3,4/1/20,KOOL FF MEN 100 BX,9050000073,1,50887,11.48,11.96,2
3,4/2/20,KOOL FF MEN 100 BX,9050000073,1,50887,5.74,5.98,1
3,4/3/20,KOOL FF MEN 100 BX,9050000073,1,50887,28.7,29.9,5
3,4/4/20,KOOL FF MEN 100 BX,9050000073,1,50887,28.7,29.9,5
3,4/5/20,KOOL FF MEN 100 BX,9050000073,1,50887,17.22,17.94,3
3,4/6/20,KOOL FF MEN 100 BX,9050000073,1,50887,22.96,23.92,4
3,4/7/20,KOOL FF MEN 100 BX,9050000073,1,50887,17.22,17.94,3
3,4/8/20,KOOL FF MEN 100 BX,9050000073,1,50887,28.7,29.9,5
3,4/9/20,KOOL FF MEN 100 BX,9050000073,1,50887,5.74,5.98,1
3,4/10/20,KOOL FF MEN 100 BX,9050000073,1,50887,22.96,23.92,4
3,4/11/20,KOOL FF MEN 100 BX,9050000073,1,50887,5.74,5.98,1
3,4/12/20,KOOL FF MEN 100 BX,9050000073,1,50887,17.22,17.94,3
3,4/13/20,KOOL FF MEN 100 BX,9050000073,1,50887,34.43,35.88,6
3,4/14/20,KOOL FF MEN 100 BX,9050000073,1,50887,28.7,29.9,5
3,4/15/20,KOOL FF MEN 100 BX,9050000073,1,50887,34.43,35.88,6
3,4/16/20,KOOL FF MEN 100 BX,9050000073,1,50887,22.96,23.92,4
3,4/17/20,KOOL FF MEN 100 BX,9050000073,1,50887,28.7,29.9,5
3,4/18/20,KOOL FF MEN 100 BX,9050000073,1,50887,11.48,11.96,2
3,4/19/20,KOOL FF MEN 100 BX,9050000073,1,50887,22.96,23.92,4
3,4/20/20,KOOL FF MEN 100 BX,9050000073,1,50887,11.48,11.96,2
3,4/21/20,KOOL FF MEN 100 BX,9050000073,1,50887,11.48,11.96,2
3,4/22/20,KOOL FF MEN 100 BX,9050000073,1,50887,22.96,23.92,4
3,4/24/20,KOOL FF MEN 100 BX,9050000073,1,50887,11.48,11.96,2
3,4/25/20,KOOL FF MEN 100 BX,9050000073,1,50887,11.48,11.96,2
3,4/26/20,KOOL FF MEN 100 BX,9050000073,1,50887,22.96,23.92,4
3,5/1/20,KOOL FF MEN 100 BX,9050000073,1,50887,5.74,6.89,1
3,5/2/20,KOOL FF MEN 100 BX,9050000073,1,50887,17.22,20.67,3
3,5/3/20,KOOL FF MEN 100 BX,9050000073,1,50887,22.96,27.56,4
3,2/7/20,KOOL FF MEN KS BX,9050000071,1,50834,11.31,11.76,2
3,2/8/20,KOOL FF MEN KS BX,9050000071,1,50834,11.31,11.76,2
3,2/9/20,KOOL FF MEN KS BX,9050000071,1,50834,5.66,5.88,1
3,2/10/20,KOOL FF MEN KS BX,9050000071,1,50834,16.97,17.64,3
3,2/14/20,KOOL FF MEN KS BX,9050000071,1,50834,5.66,5.88,1
3,2/16/20,KOOL FF MEN KS BX,9050000071,1,50834,5.66,5.88,1
3,2/18/20,KOOL FF MEN KS BX,9050000071,1,50834,5.74,5.98,1
3,2/19/20,KOOL FF MEN KS BX,9050000071,1,50834,5.74,5.98,1
3,2/20/20,KOOL FF MEN KS BX,9050000071,1,50834,11.48,11.96,2
3,2/21/20,KOOL FF MEN KS BX,9050000071,1,50834,5.74,5.98,1
3,2/23/20,KOOL FF MEN KS BX,9050000071,1,50834,5.74,5.98,1
3,3/8/20,KOOL FF MEN KS BX,9050000071,1,50834,11.48,11.96,2
3,3/9/20,KOOL FF MEN KS BX,9050000071,1,50834,5.74,5.98,1
3,3/11/20,KOOL FF MEN KS BX,9050000071,1,50834,5.74,5.98,1
3,3/12/20,KOOL FF MEN KS BX,9050000071,1,50834,17.22,17.94,3
3,3/13/20,KOOL FF MEN KS BX,9050000071,1,50834,11.48,11.96,2
3,3/14/20,KOOL FF MEN KS BX,9050000071,1,50834,17.22,17.94,3
3,3/15/20,KOOL FF MEN KS BX,9050000071,1,50834,17.22,17.94,3
3,3/16/20,KOOL FF MEN KS BX,9050000071,1,50834,11.48,11.96,2
3,3/18/20,KOOL FF MEN KS BX,9050000071,1,50834,5.74,5.98,1
3,3/21/20,KOOL FF MEN KS BX,9050000071,1,50834,5.74,5.98,1
3,3/23/20,KOOL FF MEN KS BX,9050000071,1,50834,5.74,5.98,1
3,3/24/20,KOOL FF MEN KS BX,9050000071,1,50834,22.96,23.92,4
3,3/26/20,KOOL FF MEN KS BX,9050000071,1,50834,17.22,17.94,3
3,3/28/20,KOOL FF MEN KS BX,9050000071,1,50834,17.22,17.94,3
3,3/29/20,KOOL FF MEN KS BX,9050000071,1,50834,11.48,11.96,2
3,3/30/20,KOOL FF MEN KS BX,9050000071,1,50834,5.74,5.98,1
3,4/2/20,KOOL FF MEN KS BX,9050000071,1,50834,5.74,5.98,1
3,4/3/20,KOOL FF MEN KS BX,9050000071,1,50834,5.74,5.98,1
3,4/6/20,KOOL FF MEN KS BX,9050000071,1,50834,11.48,11.96,2
3,4/8/20,KOOL FF MEN KS BX,9050000071,1,50834,5.74,5.98,1
3,4/9/20,KOOL FF MEN KS BX,9050000071,1,50834,11.48,11.96,2
3,4/10/20,KOOL FF MEN KS BX,9050000071,1,50834,22.96,23.92,4
3,4/12/20,KOOL FF MEN KS BX,9050000071,1,50834,5.74,5.98,1
3,4/17/20,KOOL FF MEN KS BX,9050000071,1,50834,11.48,11.96,2
3,4/20/20,KOOL FF MEN KS BX,9050000071,1,50834,5.74,5.98,1
3,4/21/20,KOOL FF MEN KS BX,9050000071,1,50834,5.74,5.98,1
3,4/23/20,KOOL FF MEN KS BX,9050000071,1,50834,5.74,5.98,1
3,4/26/20,KOOL FF MEN KS BX,9050000071,1,50834,11.48,11.96,2
3,2/6/20,KOOL FF MEN KS SP,9050000072,1,50852,5.66,5.88,1
3,2/8/20,KOOL FF MEN KS SP,9050000072,1,50852,5.66,5.88,1
3,2/13/20,KOOL FF MEN KS SP,9050000072,1,50852,11.31,11.76,2
3,2/15/20,KOOL FF MEN KS SP,9050000072,1,50852,5.66,5.88,1
3,2/17/20,KOOL FF MEN KS SP,9050000072,1,50852,5.66,5.88,1
3,2/19/20,KOOL FF MEN KS SP,9050000072,1,50852,5.74,5.98,1
3,2/20/20,KOOL FF MEN KS SP,9050000072,1,50852,5.74,5.98,1
3,2/22/20,KOOL FF MEN KS SP,9050000072,1,50852,5.74,5.98,1
3,2/25/20,KOOL FF MEN KS SP,9050000072,1,50852,5.74,5.98,1
3,2/28/20,KOOL FF MEN KS SP,9050000072,1,50852,5.74,5.98,1
3,3/1/20,KOOL FF MEN KS SP,9050000072,1,50852,5.74,5.98,1
3,3/3/20,KOOL FF MEN KS SP,9050000072,1,50852,5.74,5.98,1
3,3/4/20,KOOL FF MEN KS SP,9050000072,1,50852,5.74,5.98,1
3,3/8/20,KOOL FF MEN KS SP,9050000072,1,50852,5.74,5.98,1
3,3/9/20,KOOL FF MEN KS SP,9050000072,1,50852,11.48,11.96,2
3,3/12/20,KOOL FF MEN KS SP,9050000072,1,50852,17.22,17.94,3
3,3/14/20,KOOL FF MEN KS SP,9050000072,1,50852,5.74,5.98,1
3,3/15/20,KOOL FF MEN KS SP,9050000072,1,50852,5.74,5.98,1
3,3/19/20,KOOL FF MEN KS SP,9050000072,1,50852,17.22,17.94,3
3,3/25/20,KOOL FF MEN KS SP,9050000072,1,50852,5.74,5.98,1
3,3/29/20,KOOL FF MEN KS SP,9050000072,1,50852,5.74,5.98,1
3,3/30/20,KOOL FF MEN KS SP,9050000072,1,50852,5.74,5.98,1
3,4/1/20,KOOL FF MEN KS SP,9050000072,1,50852,5.74,5.98,1
3,4/2/20,KOOL FF MEN KS SP,9050000072,1,50852,11.48,11.96,2
3,4/3/20,KOOL FF MEN KS SP,9050000072,1,50852,5.74,5.98,1
3,4/7/20,KOOL FF MEN KS SP,9050000072,1,50852,5.74,5.98,1
3,4/8/20,KOOL FF MEN KS SP,9050000072,1,50852,5.74,5.98,1
3,4/11/20,KOOL FF MEN KS SP,9050000072,1,50852,5.74,5.98,1
3,4/12/20,KOOL FF MEN KS SP,9050000072,1,50852,5.74,5.98,1
3,4/16/20,KOOL FF MEN KS SP,9050000072,1,50852,5.74,5.98,1
3,4/18/20,KOOL FF MEN KS SP,9050000072,1,50852,5.74,5.98,1
3,4/20/20,KOOL FF MEN KS SP,9050000072,1,50852,5.74,5.98,1
3,4/25/20,KOOL FF MEN KS SP,9050000072,1,50852,5.74,5.98,1
3,4/30/20,KOOL FF MEN KS SP,9050000072,1,50852,5.74,6.89,1
3,2/24/20,KOOL KING BOX 50  OFF,9050001000,1,51300,10.48,10.96,2
3,2/25/20,KOOL KING BOX 50  OFF,9050001000,1,51300,5.24,5.48,1
3,2/26/20,KOOL KING BOX 50  OFF,9050001000,1,51300,15.72,16.44,3
3,2/27/20,KOOL KING BOX 50  OFF,9050001000,1,51300,5.24,5.48,1
3,3/1/20,KOOL KING BOX 50  OFF,9050001000,1,51300,31.43,32.88,6
3,3/2/20,KOOL KING BOX 50  OFF,9050001000,1,51300,5.24,5.48,1
3,3/3/20,KOOL KING BOX 50  OFF,9050001000,1,51300,15.72,16.44,3
3,3/7/20,KOOL KING BOX 50  OFF,9050001000,1,51300,5.24,5.48,1
3,3/8/20,KOOL KING BOX 50  OFF,9050001000,1,51300,5.24,5.48,1
3,4/27/20,KOOL KING BOX 50  OFF,9050001000,1,51300,5.24,5.48,1
3,4/29/20,KOOL KING BOX 50  OFF,9050001000,1,51300,5.24,5.48,1
3,4/30/20,KOOL KING BOX 50  OFF,9050001000,1,51300,10.48,10.96,2
3,5/1/20,KOOL KING BOX 50  OFF,9050001000,1,51300,5.24,5.48,1
3,5/3/20,KOOL KING BOX 50  OFF,9050001000,1,51300,5.24,5.48,1
3,2/6/20,L & M BLUE REG 100 BOX,2820031022,1,50759,15.62,15.51,3
3,2/7/20,L & M BLUE REG 100 BOX,2820031022,1,50759,5.21,5.17,1
3,2/8/20,L & M BLUE REG 100 BOX,2820031022,1,50759,20.83,20.68,4
3,2/15/20,L & M BLUE REG 100 BOX,2820031022,1,50759,5.21,5.17,1
3,2/21/20,L & M BLUE REG 100 BOX,2820031022,1,50759,10.58,10.54,2
3,2/22/20,L & M BLUE REG 100 BOX,2820031022,1,50759,5.29,5.27,1
3,2/23/20,L & M BLUE REG 100 BOX,2820031022,1,50759,5.29,5.27,1
3,2/26/20,L & M BLUE REG 100 BOX,2820031022,1,50759,5.29,5.27,1
3,2/27/20,L & M BLUE REG 100 BOX,2820031022,1,50759,15.87,15.81,3
3,2/28/20,L & M BLUE REG 100 BOX,2820031022,1,50759,5.29,5.27,1
3,2/29/20,L & M BLUE REG 100 BOX,2820031022,1,50759,10.58,10.54,2
3,3/1/20,L & M BLUE REG 100 BOX,2820031022,1,50759,10.58,10.54,2
3,3/2/20,L & M BLUE REG 100 BOX,2820031022,1,50759,10.58,10.54,2
3,3/6/20,L & M BLUE REG 100 BOX,2820031022,1,50759,21.16,21.08,4
3,3/7/20,L & M BLUE REG 100 BOX,2820031022,1,50759,5.29,5.27,1
3,3/8/20,L & M BLUE REG 100 BOX,2820031022,1,50759,21.16,21.08,4
3,3/10/20,L & M BLUE REG 100 BOX,2820031022,1,50759,10.58,10.54,2
3,3/12/20,L & M BLUE REG 100 BOX,2820031022,1,50759,10.58,10.54,2
3,3/13/20,L & M BLUE REG 100 BOX,2820031022,1,50759,15.87,15.81,3
3,3/14/20,L & M BLUE REG 100 BOX,2820031022,1,50759,5.29,5.27,1
3,3/15/20,L & M BLUE REG 100 BOX,2820031022,1,50759,10.58,10.54,2
3,3/17/20,L & M BLUE REG 100 BOX,2820031022,1,50759,21.16,21.08,4
3,3/21/20,L & M BLUE REG 100 BOX,2820031022,1,50759,10.58,10.54,2
3,3/22/20,L & M BLUE REG 100 BOX,2820031022,1,50759,15.87,15.81,3
3,3/23/20,L & M BLUE REG 100 BOX,2820031022,1,50759,10.58,10.54,2
3,3/24/20,L & M BLUE REG 100 BOX,2820031022,1,50759,10.58,10.54,2
3,3/25/20,L & M BLUE REG 100 BOX,2820031022,1,50759,10.58,10.54,2
3,3/26/20,L & M BLUE REG 100 BOX,2820031022,1,50759,5.29,5.27,1
3,3/27/20,L & M BLUE REG 100 BOX,2820031022,1,50759,10.58,10.54,2
3,3/28/20,L & M BLUE REG 100 BOX,2820031022,1,50759,10.58,10.54,2
3,3/30/20,L & M BLUE REG 100 BOX,2820031022,1,50759,10.58,10.54,2
3,4/1/20,L & M BLUE REG 100 BOX,2820031022,1,50759,10.58,10.54,2
3,4/5/20,L & M BLUE REG 100 BOX,2820031022,1,50759,10.58,10.54,2
3,4/10/20,L & M BLUE REG 100 BOX,2820031022,1,50759,10.58,10.54,2
3,4/11/20,L & M BLUE REG 100 BOX,2820031022,1,50759,15.87,15.81,3
3,4/12/20,L & M BLUE REG 100 BOX,2820031022,1,50759,10.58,10.54,2
3,4/14/20,L & M BLUE REG 100 BOX,2820031022,1,50759,5.29,5.27,1
3,4/15/20,L & M BLUE REG 100 BOX,2820031022,1,50759,10.58,10.54,2
3,4/16/20,L & M BLUE REG 100 BOX,2820031022,1,50759,10.58,10.54,2
3,4/18/20,L & M BLUE REG 100 BOX,2820031022,1,50759,10.58,10.54,2
3,4/19/20,L & M BLUE REG 100 BOX,2820031022,1,50759,21.16,21.08,4
3,4/20/20,L & M BLUE REG 100 BOX,2820031022,1,50759,15.87,15.81,3
3,4/21/20,L & M BLUE REG 100 BOX,2820031022,1,50759,15.87,15.81,3
3,4/22/20,L & M BLUE REG 100 BOX,2820031022,1,50759,15.87,15.81,3
3,4/23/20,L & M BLUE REG 100 BOX,2820031022,1,50759,15.87,15.81,3
3,4/24/20,L & M BLUE REG 100 BOX,2820031022,1,50759,10.58,10.54,2
3,4/26/20,L & M BLUE REG 100 BOX,2820031022,1,50759,21.16,21.08,4
3,4/27/20,L & M BLUE REG 100 BOX,2820031022,1,50759,5.29,5.27,1
3,4/29/20,L & M BLUE REG 100 BOX,2820031022,1,50759,26.46,26.35,5
3,4/30/20,L & M BLUE REG 100 BOX,2820031022,1,50759,15.87,15.81,3
3,5/1/20,L & M BLUE REG 100 BOX,2820031022,1,50759,15.87,15.81,3
3,5/3/20,L & M BLUE REG 100 BOX,2820031022,1,50759,10.58,10.54,2
3,2/5/20,L & M BLUE REG KS BOX,2820031002,1,50782,10.41,10.34,2
3,2/6/20,L & M BLUE REG KS BOX,2820031001,10,50782,52.07,46.59,1
3,2/7/20,L & M BLUE REG KS BOX,2820031002,1,50782,5.21,5.17,1
3,2/8/20,L & M BLUE REG KS BOX,2820031002,1,50782,5.21,5.17,1
3,2/9/20,L & M BLUE REG KS BOX,2820031001,10,50782,104.14,93.18,2
3,2/10/20,L & M BLUE REG KS BOX,2820031002,1,50782,5.21,5.17,1
3,2/12/20,L & M BLUE REG KS BOX,2820031002,1,50782,10.41,10.34,2
3,2/14/20,L & M BLUE REG KS BOX,2820031002,1,50782,5.21,5.17,1
3,2/14/20,L & M BLUE REG KS BOX,2820031001,10,50782,52.07,46.59,1
3,2/18/20,L & M BLUE REG KS BOX,2820031002,1,50782,5.29,5.17,1
3,2/19/20,L & M BLUE REG KS BOX,2820031002,1,50782,5.29,5.27,1
3,2/19/20,L & M BLUE REG KS BOX,2820031001,10,50782,52.91,47.49,1
3,2/20/20,L & M BLUE REG KS BOX,2820031002,1,50782,15.87,15.81,3
3,2/21/20,L & M BLUE REG KS BOX,2820031002,1,50782,5.29,5.27,1
3,2/23/20,L & M BLUE REG KS BOX,2820031002,1,50782,21.16,21.08,4
3,2/25/20,L & M BLUE REG KS BOX,2820031002,1,50782,5.29,5.27,1
3,2/27/20,L & M BLUE REG KS BOX,2820031002,1,50782,5.29,5.27,1
3,2/28/20,L & M BLUE REG KS BOX,2820031002,1,50782,15.87,15.81,3
3,2/28/20,L & M BLUE REG KS BOX,2820031001,10,50782,52.91,47.49,1
3,3/2/20,L & M BLUE REG KS BOX,2820031002,1,50782,10.58,10.54,2
3,3/4/20,L & M BLUE REG KS BOX,2820031002,1,50782,10.58,10.54,2
3,3/5/20,L & M BLUE REG KS BOX,2820031002,1,50782,26.46,26.35,5
3,3/6/20,L & M BLUE REG KS BOX,2820031002,1,50782,15.87,15.81,3
3,3/7/20,L & M BLUE REG KS BOX,2820031001,10,50782,52.91,47.49,1
3,3/7/20,L & M BLUE REG KS BOX,2820031002,1,50782,15.87,15.81,3
3,3/8/20,L & M BLUE REG KS BOX,2820031002,1,50782,5.29,5.27,1
3,3/9/20,L & M BLUE REG KS BOX,2820031002,1,50782,10.58,10.54,2
3,3/10/20,L & M BLUE REG KS BOX,2820031002,1,50782,5.29,5.27,1
3,3/11/20,L & M BLUE REG KS BOX,2820031002,1,50782,10.58,10.54,2
3,3/12/20,L & M BLUE REG KS BOX,2820031001,10,50782,52.91,47.49,1
3,3/13/20,L & M BLUE REG KS BOX,2820031002,1,50782,10.58,10.54,2
3,3/16/20,L & M BLUE REG KS BOX,2820031002,1,50782,10.58,10.54,2
3,3/17/20,L & M BLUE REG KS BOX,2820031001,10,50782,52.91,47.49,1
3,3/18/20,L & M BLUE REG KS BOX,2820031002,1,50782,5.29,5.27,1
3,3/19/20,L & M BLUE REG KS BOX,2820031001,10,50782,52.91,47.49,1
3,3/21/20,L & M BLUE REG KS BOX,2820031002,1,50782,10.58,10.54,2
3,3/22/20,L & M BLUE REG KS BOX,2820031001,10,50782,52.91,47.49,1
3,3/22/20,L & M BLUE REG KS BOX,2820031002,1,50782,10.58,10.54,2
3,3/23/20,L & M BLUE REG KS BOX,2820031002,1,50782,15.87,15.81,3
3,3/24/20,L & M BLUE REG KS BOX,2820031002,1,50782,21.16,21.08,4
3,3/25/20,L & M BLUE REG KS BOX,2820031001,10,50782,52.91,47.49,1
3,3/25/20,L & M BLUE REG KS BOX,2820031002,1,50782,10.58,10.54,2
3,3/26/20,L & M BLUE REG KS BOX,2820031002,1,50782,10.58,10.54,2
3,3/27/20,L & M BLUE REG KS BOX,2820031001,10,50782,52.91,47.49,1
3,3/27/20,L & M BLUE REG KS BOX,2820031002,1,50782,5.29,5.27,1
3,3/30/20,L & M BLUE REG KS BOX,2820031002,1,50782,15.87,15.81,3
3,3/31/20,L & M BLUE REG KS BOX,2820031001,10,50782,52.91,47.49,1
3,4/1/20,L & M BLUE REG KS BOX,2820031001,10,50782,52.91,47.49,1
3,4/2/20,L & M BLUE REG KS BOX,2820031002,1,50782,5.29,5.27,1
3,4/3/20,L & M BLUE REG KS BOX,2820031001,10,50782,52.91,47.49,1
3,4/3/20,L & M BLUE REG KS BOX,2820031002,1,50782,10.58,10.54,2
3,4/4/20,L & M BLUE REG KS BOX,2820031002,1,50782,5.29,5.27,1
3,4/6/20,L & M BLUE REG KS BOX,2820031001,10,50782,52.91,47.49,1
3,4/6/20,L & M BLUE REG KS BOX,2820031002,1,50782,10.58,10.54,2
3,4/8/20,L & M BLUE REG KS BOX,2820031001,10,50782,52.91,47.49,1
3,4/8/20,L & M BLUE REG KS BOX,2820031002,1,50782,10.58,10.54,2
3,4/10/20,L & M BLUE REG KS BOX,2820031002,1,50782,15.87,15.81,3
3,4/11/20,L & M BLUE REG KS BOX,2820031001,10,50782,52.91,47.49,1
3,4/13/20,L & M BLUE REG KS BOX,2820031002,1,50782,15.87,15.81,3
3,4/15/20,L & M BLUE REG KS BOX,2820031001,10,50782,52.91,47.49,1
3,4/16/20,L & M BLUE REG KS BOX,2820031001,10,50782,52.91,47.49,1
3,4/18/20,L & M BLUE REG KS BOX,2820031001,10,50782,52.91,47.49,1
3,4/19/20,L & M BLUE REG KS BOX,2820031002,1,50782,10.58,10.54,2
3,4/22/20,L & M BLUE REG KS BOX,2820031001,10,50782,52.91,47.49,1
3,4/22/20,L & M BLUE REG KS BOX,2820031002,1,50782,10.58,10.54,2
3,4/23/20,L & M BLUE REG KS BOX,2820031002,1,50782,52.91,52.7,10
3,4/27/20,L & M BLUE REG KS BOX,2820031002,1,50782,5.29,5.27,1
3,4/29/20,L & M BLUE REG KS BOX,2820031002,1,50782,5.29,5.27,1
3,4/30/20,L & M BLUE REG KS BOX,2820031001,10,50782,52.91,47.49,1
3,5/2/20,L & M BLUE REG KS BOX,2820031002,1,50782,5.29,5.27,1
3,2/12/20,L & M BOLD KS BOX,2820031552,1,50757,10.41,10.34,2
3,2/14/20,L & M BOLD KS BOX,2820031552,1,50757,10.41,10.34,2
3,2/21/20,L & M BOLD KS BOX,2820031552,1,50757,5.29,5.27,1
3,3/5/20,L & M BOLD KS BOX,2820031552,1,50757,26.46,26.35,5
3,4/30/20,L & M BOLD KS BOX,2820031552,1,50757,5.29,5.27,1
3,5/3/20,L & M BOLD KS BOX,2820031552,1,50757,10.58,10.54,2
3,2/5/20,L & M MEN 100 BOX,2820031042,1,50781,15.62,15.51,3
3,2/6/20,L & M MEN 100 BOX,2820031042,1,50781,5.21,5.17,1
3,2/7/20,L & M MEN 100 BOX,2820031042,1,50781,36.45,36.19,7
3,2/8/20,L & M MEN 100 BOX,2820031042,1,50781,15.62,15.51,3
3,2/9/20,L & M MEN 100 BOX,2820031042,1,50781,10.41,10.34,2
3,2/10/20,L & M MEN 100 BOX,2820031042,1,50781,20.83,20.68,4
3,2/11/20,L & M MEN 100 BOX,2820031042,1,50781,15.62,15.51,3
3,2/12/20,L & M MEN 100 BOX,2820031042,1,50781,26.04,25.85,5
3,2/13/20,L & M MEN 100 BOX,2820031042,1,50781,41.66,41.36,8
3,2/14/20,L & M MEN 100 BOX,2820031042,1,50781,20.83,20.68,4
3,2/15/20,L & M MEN 100 BOX,2820031042,1,50781,26.04,25.85,5
3,2/16/20,L & M MEN 100 BOX,2820031042,1,50781,10.41,10.34,2
3,2/17/20,L & M MEN 100 BOX,2820031042,1,50781,15.62,15.51,3
3,2/18/20,L & M MEN 100 BOX,2820031042,1,50781,5.29,5.27,1
3,2/19/20,L & M MEN 100 BOX,2820031042,1,50781,52.91,52.7,10
3,2/21/20,L & M MEN 100 BOX,2820031042,1,50781,31.75,31.62,6
3,2/22/20,L & M MEN 100 BOX,2820031042,1,50781,31.75,31.62,6
3,2/23/20,L & M MEN 100 BOX,2820031042,1,50781,10.58,10.54,2
3,2/24/20,L & M MEN 100 BOX,2820031042,1,50781,10.58,10.54,2
3,2/25/20,L & M MEN 100 BOX,2820031042,1,50781,5.29,5.27,1
3,2/26/20,L & M MEN 100 BOX,2820031042,1,50781,31.75,31.62,6
3,2/27/20,L & M MEN 100 BOX,2820031042,1,50781,10.58,10.54,2
3,2/28/20,L & M MEN 100 BOX,2820031042,1,50781,37.04,36.89,7
3,2/29/20,L & M MEN 100 BOX,2820031042,1,50781,31.75,31.62,6
3,3/1/20,L & M MEN 100 BOX,2820031042,1,50781,15.87,15.81,3
3,3/2/20,L & M MEN 100 BOX,2820031042,1,50781,26.46,26.35,5
3,3/3/20,L & M MEN 100 BOX,2820031042,1,50781,21.16,21.08,4
3,3/4/20,L & M MEN 100 BOX,2820031042,1,50781,21.16,21.08,4
3,3/5/20,L & M MEN 100 BOX,2820031042,1,50781,10.58,10.54,2
3,3/6/20,L & M MEN 100 BOX,2820031042,1,50781,15.87,15.81,3
3,3/7/20,L & M MEN 100 BOX,2820031042,1,50781,42.33,42.16,8
3,3/8/20,L & M MEN 100 BOX,2820031042,1,50781,52.91,52.7,10
3,3/9/20,L & M MEN 100 BOX,2820031042,1,50781,26.46,26.35,5
3,3/10/20,L & M MEN 100 BOX,2820031042,1,50781,10.58,10.54,2
3,3/11/20,L & M MEN 100 BOX,2820031042,1,50781,21.16,21.08,4
3,3/12/20,L & M MEN 100 BOX,2820031042,1,50781,47.62,47.43,9
3,3/13/20,L & M MEN 100 BOX,2820031042,1,50781,37.04,36.89,7
3,3/14/20,L & M MEN 100 BOX,2820031042,1,50781,21.16,21.08,4
3,3/15/20,L & M MEN 100 BOX,2820031042,1,50781,10.58,10.54,2
3,3/16/20,L & M MEN 100 BOX,2820031042,1,50781,15.87,15.81,3
3,3/17/20,L & M MEN 100 BOX,2820031042,1,50781,5.29,5.27,1
3,3/18/20,L & M MEN 100 BOX,2820031042,1,50781,5.29,5.27,1
3,3/19/20,L & M MEN 100 BOX,2820031042,1,50781,21.16,21.08,4
3,3/20/20,L & M MEN 100 BOX,2820031042,1,50781,10.58,10.54,2
3,3/21/20,L & M MEN 100 BOX,2820031042,1,50781,21.16,21.08,4
3,3/22/20,L & M MEN 100 BOX,2820031042,1,50781,26.46,26.35,5
3,3/23/20,L & M MEN 100 BOX,2820031042,1,50781,5.29,5.27,1
3,3/24/20,L & M MEN 100 BOX,2820031042,1,50781,21.16,21.08,4
3,3/25/20,L & M MEN 100 BOX,2820031042,1,50781,31.75,31.62,6
3,3/26/20,L & M MEN 100 BOX,2820031042,1,50781,10.58,10.54,2
3,3/27/20,L & M MEN 100 BOX,2820031042,1,50781,31.75,31.62,6
3,3/28/20,L & M MEN 100 BOX,2820031042,1,50781,15.87,15.81,3
3,3/29/20,L & M MEN 100 BOX,2820031042,1,50781,21.16,21.08,4
3,3/30/20,L & M MEN 100 BOX,2820031042,1,50781,21.16,21.08,4
3,3/31/20,L & M MEN 100 BOX,2820031042,1,50781,26.46,26.35,5
3,4/1/20,L & M MEN 100 BOX,2820031042,1,50781,42.33,42.16,8
3,4/2/20,L & M MEN 100 BOX,2820031042,1,50781,26.46,26.35,5
3,4/3/20,L & M MEN 100 BOX,2820031041,10,50781,52.91,47.49,1
3,4/3/20,L & M MEN 100 BOX,2820031042,1,50781,26.46,26.35,5
3,4/4/20,L & M MEN 100 BOX,2820031042,1,50781,26.46,26.35,5
3,4/5/20,L & M MEN 100 BOX,2820031042,1,50781,31.75,31.62,6
3,4/6/20,L & M MEN 100 BOX,2820031042,1,50781,15.87,15.81,3
3,4/7/20,L & M MEN 100 BOX,2820031042,1,50781,26.46,26.35,5
3,4/8/20,L & M MEN 100 BOX,2820031042,1,50781,31.75,31.62,6
3,4/10/20,L & M MEN 100 BOX,2820031042,1,50781,26.46,26.35,5
3,4/11/20,L & M MEN 100 BOX,2820031042,1,50781,10.58,10.54,2
3,4/12/20,L & M MEN 100 BOX,2820031042,1,50781,26.46,26.35,5
3,4/13/20,L & M MEN 100 BOX,2820031042,1,50781,31.75,31.62,6
3,4/14/20,L & M MEN 100 BOX,2820031042,1,50781,26.46,26.35,5
3,4/15/20,L & M MEN 100 BOX,2820031042,1,50781,21.16,21.08,4
3,4/16/20,L & M MEN 100 BOX,2820031042,1,50781,10.58,10.54,2
3,4/17/20,L & M MEN 100 BOX,2820031042,1,50781,15.87,15.81,3
3,4/18/20,L & M MEN 100 BOX,2820031042,1,50781,31.75,31.62,6
3,4/19/20,L & M MEN 100 BOX,2820031042,1,50781,10.58,10.54,2
3,4/20/20,L & M MEN 100 BOX,2820031042,1,50781,37.04,36.89,7
3,4/21/20,L & M MEN 100 BOX,2820031042,1,50781,5.29,5.27,1
3,4/22/20,L & M MEN 100 BOX,2820031042,1,50781,31.75,31.62,6
3,4/23/20,L & M MEN 100 BOX,2820031042,1,50781,31.75,31.62,6
3,4/23/20,L & M MEN 100 BOX,2820031041,10,50781,52.91,47.49,1
3,4/24/20,L & M MEN 100 BOX,2820031042,1,50781,21.16,21.08,4
3,4/25/20,L & M MEN 100 BOX,2820031042,1,50781,31.75,31.62,6
3,4/26/20,L & M MEN 100 BOX,2820031042,1,50781,37.04,36.89,7
3,4/27/20,L & M MEN 100 BOX,2820031042,1,50781,15.87,15.81,3
3,4/29/20,L & M MEN 100 BOX,2820031042,1,50781,21.16,21.08,4
3,4/30/20,L & M MEN 100 BOX,2820031042,1,50781,21.16,21.08,4
3,5/1/20,L & M MEN 100 BOX,2820031042,1,50781,15.87,15.81,3
3,5/2/20,L & M MEN 100 BOX,2820031042,1,50781,15.87,15.81,3
3,5/3/20,L & M MEN 100 BOX,2820031042,1,50781,31.75,31.62,6
3,2/5/20,L & M MENTHOL KS BOX,2820031032,1,50762,5.21,5.17,1
3,2/6/20,L & M MENTHOL KS BOX,2820031032,1,50762,15.62,15.51,3
3,2/7/20,L & M MENTHOL KS BOX,2820031032,1,50762,10.41,10.34,2
3,2/8/20,L & M MENTHOL KS BOX,2820031032,1,50762,5.21,5.17,1
3,2/9/20,L & M MENTHOL KS BOX,2820031032,1,50762,20.83,20.68,4
3,2/10/20,L & M MENTHOL KS BOX,2820031032,1,50762,20.83,20.68,4
3,2/11/20,L & M MENTHOL KS BOX,2820031032,1,50762,20.83,20.68,4
3,2/12/20,L & M MENTHOL KS BOX,2820031032,1,50762,5.21,5.17,1
3,2/13/20,L & M MENTHOL KS BOX,2820031032,1,50762,46.86,46.53,9
3,2/14/20,L & M MENTHOL KS BOX,2820031032,1,50762,5.21,5.17,1
3,2/15/20,L & M MENTHOL KS BOX,2820031032,1,50762,10.41,10.34,2
3,2/16/20,L & M MENTHOL KS BOX,2820031032,1,50762,31.24,31.02,6
3,2/17/20,L & M MENTHOL KS BOX,2820031032,1,50762,20.83,20.68,4
3,2/18/20,L & M MENTHOL KS BOX,2820031032,1,50762,5.29,5.27,1
3,2/19/20,L & M MENTHOL KS BOX,2820031032,1,50762,26.46,26.35,5
3,2/20/20,L & M MENTHOL KS BOX,2820031032,1,50762,10.58,10.54,2
3,2/21/20,L & M MENTHOL KS BOX,2820031032,1,50762,15.87,15.81,3
3,2/22/20,L & M MENTHOL KS BOX,2820031032,1,50762,15.87,15.81,3
3,2/23/20,L & M MENTHOL KS BOX,2820031032,1,50762,10.58,10.54,2
3,2/24/20,L & M MENTHOL KS BOX,2820031032,1,50762,15.87,15.81,3
3,2/25/20,L & M MENTHOL KS BOX,2820031032,1,50762,5.29,5.27,1
3,2/26/20,L & M MENTHOL KS BOX,2820031032,1,50762,10.58,10.54,2
3,2/27/20,L & M MENTHOL KS BOX,2820031032,1,50762,10.58,10.54,2
3,2/28/20,L & M MENTHOL KS BOX,2820031032,1,50762,10.58,10.54,2
3,2/29/20,L & M MENTHOL KS BOX,2820031032,1,50762,15.87,15.81,3
3,3/1/20,L & M MENTHOL KS BOX,2820031032,1,50762,5.29,5.27,1
3,3/2/20,L & M MENTHOL KS BOX,2820031032,1,50762,10.58,10.54,2
3,3/3/20,L & M MENTHOL KS BOX,2820031032,1,50762,5.29,5.27,1
3,3/4/20,L & M MENTHOL KS BOX,2820031032,1,50762,15.87,15.81,3
3,3/5/20,L & M MENTHOL KS BOX,2820031032,1,50762,10.58,10.54,2
3,3/6/20,L & M MENTHOL KS BOX,2820031032,1,50762,15.87,15.81,3
3,3/7/20,L & M MENTHOL KS BOX,2820031032,1,50762,37.04,36.89,7
3,3/8/20,L & M MENTHOL KS BOX,2820031032,1,50762,10.58,10.54,2
3,3/9/20,L & M MENTHOL KS BOX,2820031032,1,50762,10.58,10.54,2
3,3/10/20,L & M MENTHOL KS BOX,2820031032,1,50762,5.29,5.27,1
3,3/11/20,L & M MENTHOL KS BOX,2820031032,1,50762,21.16,21.08,4
3,3/12/20,L & M MENTHOL KS BOX,2820031032,1,50762,31.75,31.62,6
3,3/13/20,L & M MENTHOL KS BOX,2820031032,1,50762,5.29,5.27,1
3,3/14/20,L & M MENTHOL KS BOX,2820031032,1,50762,21.16,21.08,4
3,3/15/20,L & M MENTHOL KS BOX,2820031032,1,50762,15.87,15.81,3
3,3/16/20,L & M MENTHOL KS BOX,2820031032,1,50762,15.87,15.81,3
3,3/17/20,L & M MENTHOL KS BOX,2820031032,1,50762,21.16,21.08,4
3,3/19/20,L & M MENTHOL KS BOX,2820031032,1,50762,5.29,5.27,1
3,3/20/20,L & M MENTHOL KS BOX,2820031032,1,50762,10.58,10.54,2
3,3/21/20,L & M MENTHOL KS BOX,2820031032,1,50762,5.29,5.27,1
3,3/22/20,L & M MENTHOL KS BOX,2820031032,1,50762,5.29,5.27,1
3,3/23/20,L & M MENTHOL KS BOX,2820031032,1,50762,5.29,5.27,1
3,3/24/20,L & M MENTHOL KS BOX,2820031032,1,50762,15.87,15.81,3
3,3/25/20,L & M MENTHOL KS BOX,2820031032,1,50762,15.87,15.81,3
3,3/26/20,L & M MENTHOL KS BOX,2820031032,1,50762,21.16,21.08,4
3,3/27/20,L & M MENTHOL KS BOX,2820031032,1,50762,5.29,5.27,1
3,3/28/20,L & M MENTHOL KS BOX,2820031032,1,50762,15.87,15.81,3
3,3/29/20,L & M MENTHOL KS BOX,2820031032,1,50762,5.29,5.27,1
3,3/30/20,L & M MENTHOL KS BOX,2820031032,1,50762,10.58,10.54,2
3,4/1/20,L & M MENTHOL KS BOX,2820031032,1,50762,26.46,26.35,5
3,4/2/20,L & M MENTHOL KS BOX,2820031032,1,50762,15.87,15.81,3
3,4/3/20,L & M MENTHOL KS BOX,2820031032,1,50762,10.58,10.54,2
3,4/4/20,L & M MENTHOL KS BOX,2820031032,1,50762,26.46,26.35,5
3,4/5/20,L & M MENTHOL KS BOX,2820031032,1,50762,26.46,26.35,5
3,4/6/20,L & M MENTHOL KS BOX,2820031032,1,50762,10.58,10.54,2
3,4/7/20,L & M MENTHOL KS BOX,2820031032,1,50762,10.58,10.54,2
3,4/8/20,L & M MENTHOL KS BOX,2820031032,1,50762,26.46,26.35,5
3,4/9/20,L & M MENTHOL KS BOX,2820031032,1,50762,15.87,15.81,3
3,4/10/20,L & M MENTHOL KS BOX,2820031032,1,50762,15.87,15.81,3
3,4/11/20,L & M MENTHOL KS BOX,2820031032,1,50762,10.58,10.54,2
3,4/12/20,L & M MENTHOL KS BOX,2820031032,1,50762,5.29,5.27,1
3,4/13/20,L & M MENTHOL KS BOX,2820031032,1,50762,5.29,5.27,1
3,4/14/20,L & M MENTHOL KS BOX,2820031032,1,50762,15.87,15.81,3
3,4/15/20,L & M MENTHOL KS BOX,2820031032,1,50762,21.16,21.08,4
3,4/16/20,L & M MENTHOL KS BOX,2820031032,1,50762,26.46,26.35,5
3,4/17/20,L & M MENTHOL KS BOX,2820031032,1,50762,10.58,10.54,2
3,4/18/20,L & M MENTHOL KS BOX,2820031032,1,50762,15.87,15.81,3
3,4/19/20,L & M MENTHOL KS BOX,2820031032,1,50762,15.87,15.81,3
3,4/20/20,L & M MENTHOL KS BOX,2820031032,1,50762,47.62,47.43,9
3,4/21/20,L & M MENTHOL KS BOX,2820031032,1,50762,15.87,15.81,3
3,4/22/20,L & M MENTHOL KS BOX,2820031032,1,50762,26.46,26.35,5
3,4/23/20,L & M MENTHOL KS BOX,2820031032,1,50762,5.29,5.27,1
3,4/23/20,L & M MENTHOL KS BOX,2820031031,10,50762,52.91,47.49,1
3,4/24/20,L & M MENTHOL KS BOX,2820031032,1,50762,5.29,5.27,1
3,4/25/20,L & M MENTHOL KS BOX,2820031032,1,50762,15.87,15.81,3
3,4/27/20,L & M MENTHOL KS BOX,2820031032,1,50762,15.87,15.81,3
3,4/29/20,L & M MENTHOL KS BOX,2820031032,1,50762,15.87,15.81,3
3,4/30/20,L & M MENTHOL KS BOX,2820031032,1,50762,15.87,15.81,3
3,5/1/20,L & M MENTHOL KS BOX,2820031032,1,50762,5.29,5.27,1
3,5/2/20,L & M MENTHOL KS BOX,2820031032,1,50762,15.87,15.81,3
3,5/3/20,L & M MENTHOL KS BOX,2820031032,1,50762,15.87,15.81,3
3,2/5/20,L & M REG 100 BOX,2820030992,1,50775,5.21,5.17,1
3,2/7/20,L & M REG 100 BOX,2820030992,1,50775,5.21,5.17,1
3,2/8/20,L & M REG 100 BOX,2820030992,1,50775,10.41,10.34,2
3,2/9/20,L & M REG 100 BOX,2820030992,1,50775,15.62,15.51,3
3,2/11/20,L & M REG 100 BOX,2820030992,1,50775,5.21,5.17,1
3,2/12/20,L & M REG 100 BOX,2820030992,1,50775,10.41,10.34,2
3,2/13/20,L & M REG 100 BOX,2820030992,1,50775,5.21,5.17,1
3,2/16/20,L & M REG 100 BOX,2820030992,1,50775,5.21,5.17,1
3,2/17/20,L & M REG 100 BOX,2820030992,1,50775,15.62,15.51,3
3,2/19/20,L & M REG 100 BOX,2820030992,1,50775,10.58,10.54,2
3,2/21/20,L & M REG 100 BOX,2820030992,1,50775,5.29,5.27,1
3,2/22/20,L & M REG 100 BOX,2820030992,1,50775,10.58,10.54,2
3,2/26/20,L & M REG 100 BOX,2820030992,1,50775,5.29,5.27,1
3,2/28/20,L & M REG 100 BOX,2820030992,1,50775,10.58,10.54,2
3,3/1/20,L & M REG 100 BOX,2820030992,1,50775,5.29,5.27,1
3,3/3/20,L & M REG 100 BOX,2820030992,1,50775,5.29,5.27,1
3,3/5/20,L & M REG 100 BOX,2820030992,1,50775,15.87,15.81,3
3,3/6/20,L & M REG 100 BOX,2820030992,1,50775,5.29,5.27,1
3,3/7/20,L & M REG 100 BOX,2820030992,1,50775,10.58,10.54,2
3,3/8/20,L & M REG 100 BOX,2820030992,1,50775,10.58,10.54,2
3,3/9/20,L & M REG 100 BOX,2820030992,1,50775,10.58,10.54,2
3,3/11/20,L & M REG 100 BOX,2820030992,1,50775,10.58,10.54,2
3,3/12/20,L & M REG 100 BOX,2820030992,1,50775,10.58,10.54,2
3,3/13/20,L & M REG 100 BOX,2820030992,1,50775,26.46,26.35,5
3,3/14/20,L & M REG 100 BOX,2820030992,1,50775,10.58,10.54,2
3,3/20/20,L & M REG 100 BOX,2820030992,1,50775,10.58,10.54,2
3,3/21/20,L & M REG 100 BOX,2820030992,1,50775,15.87,15.81,3
3,3/25/20,L & M REG 100 BOX,2820030992,1,50775,5.29,5.27,1
3,3/28/20,L & M REG 100 BOX,2820030992,1,50775,5.29,5.27,1
3,3/31/20,L & M REG 100 BOX,2820030992,1,50775,5.29,5.27,1
3,4/1/20,L & M REG 100 BOX,2820030992,1,50775,15.87,15.81,3
3,4/2/20,L & M REG 100 BOX,2820030992,1,50775,5.29,5.27,1
3,4/3/20,L & M REG 100 BOX,2820030992,1,50775,5.29,5.27,1
3,4/4/20,L & M REG 100 BOX,2820030992,1,50775,15.87,15.81,3
3,4/6/20,L & M REG 100 BOX,2820030992,1,50775,15.87,15.81,3
3,4/9/20,L & M REG 100 BOX,2820030992,1,50775,5.29,5.27,1
3,4/10/20,L & M REG 100 BOX,2820030992,1,50775,5.29,5.27,1
3,4/11/20,L & M REG 100 BOX,2820030992,1,50775,15.87,15.81,3
3,4/12/20,L & M REG 100 BOX,2820030992,1,50775,10.58,10.54,2
3,4/15/20,L & M REG 100 BOX,2820030992,1,50775,5.29,5.27,1
3,4/17/20,L & M REG 100 BOX,2820030992,1,50775,15.87,15.81,3
3,4/18/20,L & M REG 100 BOX,2820030992,1,50775,15.87,15.81,3
3,4/20/20,L & M REG 100 BOX,2820030992,1,50775,5.29,5.27,1
3,4/23/20,L & M REG 100 BOX,2820030992,1,50775,5.29,5.27,1
3,4/24/20,L & M REG 100 BOX,2820030992,1,50775,5.29,5.27,1
3,4/26/20,L & M REG 100 BOX,2820030992,1,50775,10.58,10.54,2
3,5/1/20,L & M REG 100 BOX,2820030992,1,50775,5.29,5.27,1
3,5/2/20,L & M REG 100 BOX,2820030992,1,50775,15.87,15.81,3
3,5/3/20,L & M REG 100 BOX,2820030992,1,50775,5.29,5.27,1
3,2/6/20,L & M REG KS BOX,2820030982,1,50763,10.41,10.34,2
3,2/8/20,L & M REG KS BOX,2820030982,1,50763,20.83,20.68,4
3,2/11/20,L & M REG KS BOX,2820030982,1,50763,10.41,10.34,2
3,2/12/20,L & M REG KS BOX,2820030982,1,50763,10.41,10.34,2
3,2/13/20,L & M REG KS BOX,2820030982,1,50763,5.21,5.17,1
3,2/14/20,L & M REG KS BOX,2820030982,1,50763,5.21,5.17,1
3,2/16/20,L & M REG KS BOX,2820030982,1,50763,10.41,10.34,2
3,2/17/20,L & M REG KS BOX,2820030982,1,50763,10.41,10.34,2
3,2/19/20,L & M REG KS BOX,2820030982,1,50763,10.58,10.54,2
3,2/20/20,L & M REG KS BOX,2820030982,1,50763,15.87,15.81,3
3,2/21/20,L & M REG KS BOX,2820030982,1,50763,5.29,5.27,1
3,2/23/20,L & M REG KS BOX,2820030982,1,50763,21.16,21.08,4
3,2/26/20,L & M REG KS BOX,2820030982,1,50763,5.29,5.27,1
3,2/27/20,L & M REG KS BOX,2820030982,1,50763,21.16,21.08,4
3,2/28/20,L & M REG KS BOX,2820030982,1,50763,5.29,5.27,1
3,2/29/20,L & M REG KS BOX,2820030982,1,50763,10.58,10.54,2
3,3/1/20,L & M REG KS BOX,2820030982,1,50763,5.29,5.27,1
3,3/3/20,L & M REG KS BOX,2820030982,1,50763,5.29,5.27,1
3,3/4/20,L & M REG KS BOX,2820030982,1,50763,5.29,5.27,1
3,3/7/20,L & M REG KS BOX,2820030982,1,50763,5.29,5.27,1
3,3/8/20,L & M REG KS BOX,2820030982,1,50763,26.46,26.35,5
3,3/9/20,L & M REG KS BOX,2820030982,1,50763,10.58,10.54,2
3,3/10/20,L & M REG KS BOX,2820030982,1,50763,5.29,5.27,1
3,3/12/20,L & M REG KS BOX,2820030982,1,50763,15.87,15.81,3
3,3/13/20,L & M REG KS BOX,2820030982,1,50763,10.58,10.54,2
3,3/15/20,L & M REG KS BOX,2820030982,1,50763,15.87,15.81,3
3,3/16/20,L & M REG KS BOX,2820030982,1,50763,5.29,5.27,1
3,3/17/20,L & M REG KS BOX,2820030982,1,50763,10.58,10.54,2
3,3/18/20,L & M REG KS BOX,2820030982,1,50763,10.58,10.54,2
3,3/19/20,L & M REG KS BOX,2820030982,1,50763,5.29,5.27,1
3,3/20/20,L & M REG KS BOX,2820030982,1,50763,10.58,10.54,2
3,3/21/20,L & M REG KS BOX,2820030982,1,50763,21.16,21.08,4
3,3/22/20,L & M REG KS BOX,2820030982,1,50763,21.16,21.08,4
3,3/23/20,L & M REG KS BOX,2820030982,1,50763,15.87,15.81,3
3,3/24/20,L & M REG KS BOX,2820030982,1,50763,10.58,10.54,2
3,3/25/20,L & M REG KS BOX,2820030982,1,50763,21.16,21.08,4
3,3/26/20,L & M REG KS BOX,2820030982,1,50763,26.46,26.35,5
3,3/27/20,L & M REG KS BOX,2820030982,1,50763,15.87,15.81,3
3,3/28/20,L & M REG KS BOX,2820030982,1,50763,10.58,10.54,2
3,3/29/20,L & M REG KS BOX,2820030982,1,50763,21.16,21.08,4
3,3/30/20,L & M REG KS BOX,2820030982,1,50763,15.87,15.81,3
3,3/31/20,L & M REG KS BOX,2820030982,1,50763,5.29,5.27,1
3,4/2/20,L & M REG KS BOX,2820030982,1,50763,15.87,15.81,3
3,4/3/20,L & M REG KS BOX,2820030982,1,50763,21.16,21.08,4
3,4/4/20,L & M REG KS BOX,2820030982,1,50763,5.29,5.27,1
3,4/5/20,L & M REG KS BOX,2820030982,1,50763,10.58,10.54,2
3,4/6/20,L & M REG KS BOX,2820030982,1,50763,5.29,5.27,1
3,4/7/20,L & M REG KS BOX,2820030982,1,50763,5.29,5.27,1
3,4/9/20,L & M REG KS BOX,2820030982,1,50763,5.29,5.27,1
3,4/10/20,L & M REG KS BOX,2820030982,1,50763,31.75,31.62,6
3,4/11/20,L & M REG KS BOX,2820030982,1,50763,15.87,15.81,3
3,4/12/20,L & M REG KS BOX,2820030982,1,50763,31.75,31.62,6
3,4/13/20,L & M REG KS BOX,2820030982,1,50763,10.58,10.54,2
3,4/15/20,L & M REG KS BOX,2820030982,1,50763,15.87,15.81,3
3,4/16/20,L & M REG KS BOX,2820030982,1,50763,26.46,26.35,5
3,4/18/20,L & M REG KS BOX,2820030982,1,50763,10.58,10.54,2
3,4/19/20,L & M REG KS BOX,2820030982,1,50763,21.16,21.08,4
3,4/20/20,L & M REG KS BOX,2820030982,1,50763,15.87,15.81,3
3,4/21/20,L & M REG KS BOX,2820030982,1,50763,10.58,10.54,2
3,4/22/20,L & M REG KS BOX,2820030982,1,50763,15.87,15.81,3
3,4/23/20,L & M REG KS BOX,2820030982,1,50763,15.87,15.81,3
3,4/24/20,L & M REG KS BOX,2820030982,1,50763,5.29,5.27,1
3,4/26/20,L & M REG KS BOX,2820030982,1,50763,10.58,10.54,2
3,4/30/20,L & M REG KS BOX,2820030982,1,50763,15.87,15.81,3
3,5/1/20,L & M REG KS BOX,2820030982,1,50763,15.87,15.81,3
3,5/2/20,L & M REG KS BOX,2820030982,1,50763,5.29,5.27,1
3,5/3/20,L & M REG KS BOX,2820030982,1,50763,10.58,10.54,2
3,4/11/20,L & M TURKISH BLD 100 BX,2820031402,1,50761,5.29,5.27,1
3,4/20/20,L & M TURKISH BLD KS BX,2820031392,1,50785,5.29,5.27,1
3,2/6/20,MARL MEN ICE BX K 50 OFF,2820017916,1,51299,5.13,5.95,1
3,2/8/20,MARL MEN ICE BX K 50 OFF,2820017916,1,51299,10.26,11.9,2
3,2/12/20,MARL MEN ICE BX K 50 OFF,2820017916,1,51299,5.13,5.95,1
3,2/14/20,MARL MEN ICE BX K 50 OFF,2820017916,1,51299,5.13,5.95,1
3,2/18/20,MARL MEN ICE BX K 50 OFF,2820017916,1,51299,5.21,5.95,1
3,2/21/20,MARL MEN ICE BX K 50 OFF,2820017916,1,51299,10.42,11.9,2
3,2/23/20,MARL MEN ICE BX K 50 OFF,2820017916,1,51299,10.42,11.9,2
3,2/25/20,MARL MEN ICE BX K 50 OFF,2820017916,1,51299,5.21,6.05,1
3,3/2/20,MARL MEN ICE BX K 50 OFF,2820017916,1,51299,5.21,6.05,1
3,3/9/20,MARL MEN ICE BX K 50 OFF,2820017916,1,51299,5.21,6.05,1
3,3/15/20,MARL MEN ICE BX K 50 OFF,2820017916,1,51299,10.42,12.1,2
3,3/16/20,MARL MEN ICE BX K 50 OFF,2820017916,1,51299,5.21,6.05,1
3,3/18/20,MARL MEN ICE BX K 50 OFF,2820017916,1,51299,10.42,12.1,2
3,3/19/20,MARL MEN ICE BX K 50 OFF,2820017916,1,51299,5.21,6.05,1
3,3/27/20,MARL MEN ICE BX K 50 OFF,2820017916,1,51299,10.42,12.1,2
3,3/29/20,MARL MEN ICE BX K 50 OFF,2820017916,1,51299,10.42,12.1,2
3,3/31/20,MARL MEN ICE BX K 50 OFF,2820017916,1,51299,10.42,12.1,2
3,4/1/20,MARL MEN ICE BX K 50 OFF,2820017916,1,51299,15.64,18.15,3
3,4/2/20,MARL MEN ICE BX K 50 OFF,2820017916,1,51299,10.42,12.1,2
3,4/3/20,MARL MEN ICE BX K 50 OFF,2820017916,1,51299,5.21,6.05,1
3,4/7/20,MARL MEN ICE BX K 50 OFF,2820017916,1,51299,15.64,18.15,3
3,4/8/20,MARL MEN ICE BX K 50 OFF,2820017916,1,51299,5.21,6.05,1
3,4/11/20,MARL MEN ICE BX K 50 OFF,2820017916,1,51299,10.42,12.1,2
3,4/14/20,MARL MEN ICE BX K 50 OFF,2820017916,1,51299,5.21,6.05,1
3,4/16/20,MARL MEN ICE BX K 50 OFF,2820017916,1,51299,10.42,12.1,2
3,4/18/20,MARL MEN ICE BX K 50 OFF,2820017916,1,51299,5.21,6.05,1
3,4/20/20,MARL MEN ICE BX K 50 OFF,2820017916,1,51299,10.42,12.1,2
3,4/22/20,MARL MEN ICE BX K 50 OFF,2820017916,1,51299,10.42,12.1,2
3,4/30/20,MARL MEN ICE BX K 50 OFF,2820017916,1,51299,5.21,6.05,1
3,5/3/20,MARL MEN ICE BX K 50 OFF,2820017916,1,51299,5.21,6.05,1
3,5/1/20,MARL MIDNIGHT MEN BX KS,2820000613,1,50808,5.71,5.45,1
3,2/5/20,MARL SPCL BLD RED KS BX,2820000565,1,50841,5.63,6.05,1
3,3/31/20,MARL SPCL BLD RED KS BX,2820000565,1,50841,5.71,6.15,1
3,4/9/20,MARL SPCL BLD RED KS BX,2820000565,1,50841,11.42,11.8,2
3,4/21/20,MARL SPCL BLD RED KS BX,2820000565,1,50841,5.71,6.15,1
3,5/2/20,MARL SPCL BLD RED KS BX,2820000565,1,50841,5.71,6.15,1
3,5/2/20,MARL SPCL BLD RED KS BX,2820000565,1,50841,11.42,11.8,2
3,2/10/20,MARLBORO BL 27 BOX K 50 OFF,2820017821,1,50948,10.26,11.7,2
3,2/29/20,MARLBORO BL 27 BOX K 50 OFF,2820017821,1,50948,10.42,11.9,2
3,3/5/20,MARLBORO BL 27 BOX K 50 OFF,2820017821,1,50948,10.42,11.9,2
3,3/10/20,MARLBORO BL 27 BOX K 50 OFF,2820017821,1,50948,5.21,5.95,1
3,3/13/20,MARLBORO BL 27 BOX K 50 OFF,2820017821,1,50948,5.21,5.95,1
3,3/23/20,MARLBORO BL 27 BOX K 50 OFF,2820017821,1,50948,10.42,11.9,2
3,2/6/20,MARLBORO BLACK SP BLD BX  50 OFF,2820017476,1,50947,20.51,21.4,4
3,2/8/20,MARLBORO BLACK SP BLD BX  50 OFF,2820017476,1,50947,15.38,16.05,3
3,2/17/20,MARLBORO BLACK SP BLD BX  50 OFF,2820017476,1,50947,15.38,16.05,3
3,2/19/20,MARLBORO BLACK SP BLD BX  50 OFF,2820017476,1,50947,15.64,16.05,3
3,2/21/20,MARLBORO BLACK SP BLD BX  50 OFF,2820017476,1,50947,20.85,21.4,4
3,2/23/20,MARLBORO BLACK SP BLD BX  50 OFF,2820017476,1,50947,5.21,5.35,1
3,2/24/20,MARLBORO BLACK SP BLD BX  50 OFF,2820017476,1,50947,20.85,21.4,4
3,2/25/20,MARLBORO BLACK SP BLD BX  50 OFF,2820017476,1,50947,5.21,5.45,1
3,2/26/20,MARLBORO BLACK SP BLD BX  50 OFF,2820017476,1,50947,5.21,5.45,1
3,2/27/20,MARLBORO BLACK SP BLD BX  50 OFF,2820017476,1,50947,5.21,5.45,1
3,2/29/20,MARLBORO BLACK SP BLD BX  50 OFF,2820017476,1,50947,15.64,16.35,3
3,3/31/20,MARLBORO BLACK SP BLD BX  50 OFF,2820017476,1,50947,15.64,16.35,3
3,4/1/20,MARLBORO BLACK SP BLD BX  50 OFF,2820017476,1,50947,5.21,5.45,1
3,4/2/20,MARLBORO BLACK SP BLD BX  50 OFF,2820017476,1,50947,20.85,21.8,4
3,4/4/20,MARLBORO BLACK SP BLD BX  50 OFF,2820017476,1,50947,10.42,10.9,2
3,2/28/20,MARLBORO BLEND 27 REG KS BOX,2820000264,1,50870,5.71,6.45,1
3,3/9/20,MARLBORO BLEND 27 REG KS BOX,2820000264,1,50870,5.71,6.45,1
3,3/26/20,MARLBORO BLEND 27 REG KS BOX,2820000264,1,50870,5.71,6.45,1
3,3/28/20,MARLBORO BLEND 27 REG KS BOX,2820000264,1,50870,5.71,6.45,1
3,3/29/20,MARLBORO BLEND 27 REG KS BOX,2820000264,1,50870,11.42,12.4,2
3,3/30/20,MARLBORO BLEND 27 REG KS BOX,2820000264,1,50870,5.71,6.45,1
3,4/12/20,MARLBORO BLEND 27 REG KS BOX,2820000264,1,50870,5.71,6.45,1
3,2/5/20,MARLBORO BLUE MENTHOL 100 BOX,2820000377,1,50865,5.63,6.45,1
3,2/22/20,MARLBORO BLUE MENTHOL 100 BOX,2820000377,1,50865,5.71,6.45,1
3,4/3/20,MARLBORO BLUE MENTHOL 100 BOX,2820000377,1,50865,5.71,6.3,1
3,2/6/20,MARLBORO BLUE MENTHOL KS BOX,2820000376,1,50837,5.63,6.45,1
3,2/7/20,MARLBORO BLUE MENTHOL KS BOX,2820000376,1,50837,5.63,6.45,1
3,2/12/20,MARLBORO BLUE MENTHOL KS BOX,2820000376,1,50837,5.63,6.45,1
3,2/15/20,MARLBORO BLUE MENTHOL KS BOX,2820000376,1,50837,5.63,6.45,1
3,2/20/20,MARLBORO BLUE MENTHOL KS BOX,2820000376,1,50837,11.42,12.4,2
3,2/26/20,MARLBORO BLUE MENTHOL KS BOX,2820000376,1,50837,5.71,6.55,1
3,2/29/20,MARLBORO BLUE MENTHOL KS BOX,2820000376,1,50837,5.71,6.55,1
3,3/2/20,MARLBORO BLUE MENTHOL KS BOX,2820000376,1,50837,5.71,6.55,1
3,3/3/20,MARLBORO BLUE MENTHOL KS BOX,2820000376,1,50837,5.71,6.55,1
3,3/4/20,MARLBORO BLUE MENTHOL KS BOX,2820000376,1,50837,5.71,6.55,1
3,3/5/20,MARLBORO BLUE MENTHOL KS BOX,2820000376,1,50837,11.42,13.1,2
3,3/7/20,MARLBORO BLUE MENTHOL KS BOX,2820000376,1,50837,11.42,13.1,2
3,3/10/20,MARLBORO BLUE MENTHOL KS BOX,2820000376,1,50837,5.71,6.55,1
3,3/11/20,MARLBORO BLUE MENTHOL KS BOX,2820000376,1,50837,5.71,6.55,1
3,3/12/20,MARLBORO BLUE MENTHOL KS BOX,2820000376,1,50837,5.71,6.55,1
3,3/13/20,MARLBORO BLUE MENTHOL KS BOX,2820000376,1,50837,11.42,13.1,2
3,3/14/20,MARLBORO BLUE MENTHOL KS BOX,2820000376,1,50837,5.71,6.55,1
3,3/15/20,MARLBORO BLUE MENTHOL KS BOX,2820000376,1,50837,5.71,6.55,1
3,3/19/20,MARLBORO BLUE MENTHOL KS BOX,2820000376,1,50837,11.42,12.6,2
3,3/23/20,MARLBORO BLUE MENTHOL KS BOX,2820000376,1,50837,5.71,6.55,1
3,3/25/20,MARLBORO BLUE MENTHOL KS BOX,2820000376,1,50837,5.71,6.55,1
3,3/30/20,MARLBORO BLUE MENTHOL KS BOX,2820000376,1,50837,11.42,12.6,2
3,4/6/20,MARLBORO BLUE MENTHOL KS BOX,2820013760,10,50837,57.12,62.29,1
3,4/7/20,MARLBORO BLUE MENTHOL KS BOX,2820000376,1,50837,5.71,6.55,1
3,4/8/20,MARLBORO BLUE MENTHOL KS BOX,2820000376,1,50837,5.71,6.55,1
3,4/10/20,MARLBORO BLUE MENTHOL KS BOX,2820000376,1,50837,5.71,6.55,1
3,4/14/20,MARLBORO BLUE MENTHOL KS BOX,2820000376,1,50837,5.71,6.55,1
3,4/15/20,MARLBORO BLUE MENTHOL KS BOX,2820000376,1,50837,5.71,6.55,1
3,4/16/20,MARLBORO BLUE MENTHOL KS BOX,2820000376,1,50837,5.71,6.55,1
3,4/19/20,MARLBORO BLUE MENTHOL KS BOX,2820000376,1,50837,5.71,6.55,1
3,4/20/20,MARLBORO BLUE MENTHOL KS BOX,2820000376,1,50837,5.71,6.55,1
3,4/21/20,MARLBORO BLUE MENTHOL KS BOX,2820000376,1,50837,5.71,6.55,1
3,4/22/20,MARLBORO BLUE MENTHOL KS BOX,2820000376,1,50837,11.42,12.6,2
3,4/23/20,MARLBORO BLUE MENTHOL KS BOX,2820013760,10,50837,57.12,62.29,1
3,4/25/20,MARLBORO BLUE MENTHOL KS BOX,2820000376,1,50837,5.71,6.55,1
3,4/26/20,MARLBORO BLUE MENTHOL KS BOX,2820000376,1,50837,5.71,6.55,1
3,4/27/20,MARLBORO BLUE MENTHOL KS BOX,2820000376,1,50837,5.71,6.55,1
3,4/29/20,MARLBORO BLUE MENTHOL KS BOX,2820000376,1,50837,11.42,12.6,2
3,4/30/20,MARLBORO BLUE MENTHOL KS BOX,2820000376,1,50837,5.71,6.55,1
3,5/2/20,MARLBORO BLUE MENTHOL KS BOX,2820000376,1,50837,5.71,6.55,1
3,5/3/20,MARLBORO BLUE MENTHOL KS BOX,2820000376,1,50837,5.71,6.55,1
3,2/7/20,MARLBORO BOLD ICE BOX,2820033132,1,10991,5.63,5.35,1
3,2/8/20,MARLBORO BOLD ICE BOX,2820033132,1,10991,5.63,5.35,1
3,2/11/20,MARLBORO BOLD ICE BOX,2820033132,1,10991,5.63,5.35,1
3,2/14/20,MARLBORO BOLD ICE BOX,2820033132,1,10991,5.63,5.35,1
3,2/25/20,MARLBORO BOLD ICE BOX,2820033132,1,10991,5.71,5.45,1
3,2/26/20,MARLBORO BOLD ICE BOX,2820033132,1,10991,28.56,27.25,5
3,3/8/20,MARLBORO BOLD ICE BOX,2820033132,1,10991,11.42,10.9,2
3,3/13/20,MARLBORO BOLD ICE BOX,2820033132,1,10991,5.71,5.45,1
3,3/20/20,MARLBORO BOLD ICE BOX,2820033132,1,10991,5.71,5.45,1
3,3/22/20,MARLBORO BOLD ICE BOX,2820033132,1,10991,5.71,5.45,1
3,3/25/20,MARLBORO BOLD ICE BOX,2820033132,1,10991,5.71,5.45,1
3,3/26/20,MARLBORO BOLD ICE BOX,2820033132,1,10991,5.71,5.45,1
3,3/27/20,MARLBORO BOLD ICE BOX,2820033132,1,10991,5.71,5.45,1
3,3/29/20,MARLBORO BOLD ICE BOX,2820033132,1,10991,5.71,5.45,1
3,3/31/20,MARLBORO BOLD ICE BOX,2820033132,1,10991,5.71,5.45,1
3,4/10/20,MARLBORO BOLD ICE BOX,2820033132,1,10991,5.71,5.45,1
3,4/16/20,MARLBORO BOLD ICE BOX,2820033132,1,10991,5.71,5.45,1
3,5/1/20,MARLBORO BOLD ICE BOX,2820033132,1,10991,5.71,5.45,1
3,3/31/20,MARLBORO EDGE BX  50 OFF,2820017696,1,50943,5.21,5.45,1
3,4/8/20,MARLBORO EDGE BX  50 OFF,2820017696,1,50943,10.42,9.5,2
3,4/24/20,MARLBORO EDGE BX  50 OFF,2820017696,1,50943,15.64,14.25,3
3,3/23/20,MARLBORO EDGE KS BX,2820031992,1,50847,11.42,11.8,2
3,2/5/20,MARLBORO GLD MEN BX 50 OFF,2820017869,1,50930,5.13,5.95,1
3,2/6/20,MARLBORO GLD MEN BX 50 OFF,2820017869,1,50930,15.38,17.85,3
3,2/7/20,MARLBORO GLD MEN BX 50 OFF,2820017869,1,50930,10.26,11.9,2
3,2/17/20,MARLBORO GLD MEN BX 50 OFF,2820017869,1,50930,5.13,5.95,1
3,2/18/20,MARLBORO GLD MEN BX 50 OFF,2820017869,1,50930,5.21,5.95,1
3,2/21/20,MARLBORO GLD MEN BX 50 OFF,2820017869,1,50930,20.85,23.8,4
3,2/23/20,MARLBORO GLD MEN BX 50 OFF,2820017869,1,50930,10.42,11.9,2
3,2/24/20,MARLBORO GLD MEN BX 50 OFF,2820017869,1,50930,10.42,11.9,2
3,2/25/20,MARLBORO GLD MEN BX 50 OFF,2820017869,1,50930,10.42,12.1,2
3,2/26/20,MARLBORO GLD MEN BX 50 OFF,2820017869,1,50930,20.85,24.2,4
3,2/27/20,MARLBORO GLD MEN BX 50 OFF,2820017869,1,50930,15.64,18.15,3
3,2/28/20,MARLBORO GLD MEN BX 50 OFF,2820017869,1,50930,5.21,6.05,1
3,2/7/20,MARLBORO GLD MENTHOL KS BOX,2820000401,1,50818,5.63,6.45,1
3,2/8/20,MARLBORO GLD MENTHOL KS BOX,2820000401,1,50818,22.51,24.8,4
3,2/10/20,MARLBORO GLD MENTHOL KS BOX,2820000401,1,50818,22.51,24.8,4
3,2/11/20,MARLBORO GLD MENTHOL KS BOX,2820000401,1,50818,5.63,6.45,1
3,2/13/20,MARLBORO GLD MENTHOL KS BOX,2820000401,1,50818,5.63,6.45,1
3,2/13/20,MARLBORO GLD MENTHOL KS BOX,2820000401,1,50818,11.26,12.4,2
3,2/14/20,MARLBORO GLD MENTHOL KS BOX,2820000401,1,50818,28.14,32.25,5
3,2/15/20,MARLBORO GLD MENTHOL KS BOX,2820000401,1,50818,5.63,6.45,1
3,2/16/20,MARLBORO GLD MENTHOL KS BOX,2820000401,1,50818,5.63,6.45,1
3,2/16/20,MARLBORO GLD MENTHOL KS BOX,2820000401,1,50818,11.26,12.4,2
3,2/28/20,MARLBORO GLD MENTHOL KS BOX,2820000401,1,50818,5.71,6.3,1
3,2/29/20,MARLBORO GLD MENTHOL KS BOX,2820000401,1,50818,11.42,13.1,2
3,3/1/20,MARLBORO GLD MENTHOL KS BOX,2820000401,1,50818,5.71,6.55,1
3,3/2/20,MARLBORO GLD MENTHOL KS BOX,2820000401,1,50818,5.71,6.55,1
3,3/2/20,MARLBORO GLD MENTHOL KS BOX,2820000401,1,50818,5.71,6.3,1
3,3/3/20,MARLBORO GLD MENTHOL KS BOX,2820000401,1,50818,11.42,12.6,2
3,3/4/20,MARLBORO GLD MENTHOL KS BOX,2820000401,1,50818,5.71,6.55,1
3,3/4/20,MARLBORO GLD MENTHOL KS BOX,2820000401,1,50818,11.42,12.6,2
3,3/5/20,MARLBORO GLD MENTHOL KS BOX,2820000401,1,50818,11.42,12.6,2
3,3/6/20,MARLBORO GLD MENTHOL KS BOX,2820000401,1,50818,11.42,13.1,2
3,3/6/20,MARLBORO GLD MENTHOL KS BOX,2820000401,1,50818,11.42,12.6,2
3,3/8/20,MARLBORO GLD MENTHOL KS BOX,2820000401,1,50818,5.71,6.55,1
3,3/9/20,MARLBORO GLD MENTHOL KS BOX,2820000401,1,50818,11.42,13.1,2
3,3/9/20,MARLBORO GLD MENTHOL KS BOX,2820000401,1,50818,17.14,18.9,3
3,3/11/20,MARLBORO GLD MENTHOL KS BOX,2820000401,1,50818,11.42,13.1,2
3,3/12/20,MARLBORO GLD MENTHOL KS BOX,2820000401,1,50818,11.42,12.6,2
3,3/13/20,MARLBORO GLD MENTHOL KS BOX,2820000401,1,50818,5.71,6.55,1
3,3/13/20,MARLBORO GLD MENTHOL KS BOX,2820000401,1,50818,22.85,25.2,4
3,3/14/20,MARLBORO GLD MENTHOL KS BOX,2820000401,1,50818,11.42,13.1,2
3,3/17/20,MARLBORO GLD MENTHOL KS BOX,2820000401,1,50818,5.71,6.55,1
3,3/17/20,MARLBORO GLD MENTHOL KS BOX,2820000401,1,50818,11.42,12.6,2
3,3/18/20,MARLBORO GLD MENTHOL KS BOX,2820000401,1,50818,5.71,6.55,1
3,3/19/20,MARLBORO GLD MENTHOL KS BOX,2820000401,1,50818,5.71,6.55,1
3,3/20/20,MARLBORO GLD MENTHOL KS BOX,2820000401,1,50818,5.71,6.55,1
3,3/21/20,MARLBORO GLD MENTHOL KS BOX,2820014010,10,50818,57.12,62.29,1
3,3/22/20,MARLBORO GLD MENTHOL KS BOX,2820000401,1,50818,5.71,6.55,1
3,3/22/20,MARLBORO GLD MENTHOL KS BOX,2820000401,1,50818,11.42,12.6,2
3,3/27/20,MARLBORO GLD MENTHOL KS BOX,2820000401,1,50818,5.71,6.55,1
3,3/27/20,MARLBORO GLD MENTHOL KS BOX,2820000401,1,50818,11.42,12.6,2
3,3/29/20,MARLBORO GLD MENTHOL KS BOX,2820000401,1,50818,11.42,13.1,2
3,3/29/20,MARLBORO GLD MENTHOL KS BOX,2820000401,1,50818,11.42,12.6,2
3,3/30/20,MARLBORO GLD MENTHOL KS BOX,2820000401,1,50818,17.14,19.65,3
3,4/1/20,MARLBORO GLD MENTHOL KS BOX,2820000401,1,50818,11.42,12.6,2
3,4/2/20,MARLBORO GLD MENTHOL KS BOX,2820000401,1,50818,11.42,13.1,2
3,4/3/20,MARLBORO GLD MENTHOL KS BOX,2820000401,1,50818,5.71,6.55,1
3,4/7/20,MARLBORO GLD MENTHOL KS BOX,2820000401,1,50818,5.71,6.55,1
3,4/8/20,MARLBORO GLD MENTHOL KS BOX,2820000401,1,50818,5.71,6.55,1
3,4/9/20,MARLBORO GLD MENTHOL KS BOX,2820000401,1,50818,11.42,13.1,2
3,4/9/20,MARLBORO GLD MENTHOL KS BOX,2820000401,1,50818,11.42,12.6,2
3,4/11/20,MARLBORO GLD MENTHOL KS BOX,2820000401,1,50818,5.71,6.55,1
3,4/15/20,MARLBORO GLD MENTHOL KS BOX,2820000401,1,50818,5.71,6.55,1
3,4/19/20,MARLBORO GLD MENTHOL KS BOX,2820000401,1,50818,11.42,13.1,2
3,4/19/20,MARLBORO GLD MENTHOL KS BOX,2820000401,1,50818,22.85,25.2,4
3,4/21/20,MARLBORO GLD MENTHOL KS BOX,2820000401,1,50818,11.42,12.6,2
3,4/22/20,MARLBORO GLD MENTHOL KS BOX,2820000401,1,50818,5.71,6.55,1
3,4/22/20,MARLBORO GLD MENTHOL KS BOX,2820000401,1,50818,11.42,12.6,2
3,4/24/20,MARLBORO GLD MENTHOL KS BOX,2820000401,1,50818,5.71,6.55,1
3,4/24/20,MARLBORO GLD MENTHOL KS BOX,2820000401,1,50818,45.7,50.4,8
3,4/26/20,MARLBORO GLD MENTHOL KS BOX,2820014010,10,50818,57.12,62.29,1
3,4/29/20,MARLBORO GLD MENTHOL KS BOX,2820000401,1,50818,11.42,12.6,2
3,4/30/20,MARLBORO GLD MENTHOL KS BOX,2820000401,1,50818,5.71,6.55,1
3,4/30/20,MARLBORO GLD MENTHOL KS BOX,2820000401,1,50818,34.27,37.8,6
3,5/2/20,MARLBORO GLD MENTHOL KS BOX,2820000401,1,50818,11.42,12.6,2
3,2/10/20,MARLBORO GOLD MENTHOL 100 BOX,2820000471,1,50874,11.26,12.4,2
3,2/25/20,MARLBORO GOLD MENTHOL 100 BOX,2820000471,1,50874,11.42,13.1,2
3,2/28/20,MARLBORO GOLD MENTHOL 100 BOX,2820000471,1,50874,5.71,6.3,1
3,3/23/20,MARLBORO GOLD MENTHOL 100 BOX,2820000471,1,50874,11.42,12.6,2
3,4/11/20,MARLBORO GOLD MENTHOL 100 BOX,2820000471,1,50874,11.42,13.1,2
3,4/11/20,MARLBORO GOLD MENTHOL 100 BOX,2820000471,1,50874,11.42,12.6,2
3,4/24/20,MARLBORO GOLD MENTHOL 100 BOX,2820000471,1,50874,11.42,12.6,2
3,5/3/20,MARLBORO GOLD MENTHOL 100 BOX,2820000471,1,50874,11.42,12.6,2
3,2/8/20,MARLBORO GOLD REG 100 BOX,2820000465,1,50877,5.63,6.35,1
3,2/12/20,MARLBORO GOLD REG 100 BOX,2820000465,1,50877,5.63,6.35,1
3,2/18/20,MARLBORO GOLD REG 100 BOX,2820000465,1,50877,11.42,12.2,2
3,2/20/20,MARLBORO GOLD REG 100 BOX,2820000465,1,50877,11.42,12.2,2
3,2/22/20,MARLBORO GOLD REG 100 BOX,2820000465,1,50877,11.42,12.2,2
3,2/24/20,MARLBORO GOLD REG 100 BOX,2820000465,1,50877,5.71,6.35,1
3,2/24/20,MARLBORO GOLD REG 100 BOX,2820000465,1,50877,11.42,12.2,2
3,2/25/20,MARLBORO GOLD REG 100 BOX,2820000465,1,50877,5.71,6.45,1
3,2/28/20,MARLBORO GOLD REG 100 BOX,2820000465,1,50877,5.71,6.2,1
3,3/2/20,MARLBORO GOLD REG 100 BOX,2820000465,1,50877,11.42,12.4,2
3,3/3/20,MARLBORO GOLD REG 100 BOX,2820000465,1,50877,11.42,12.9,2
3,3/6/20,MARLBORO GOLD REG 100 BOX,2820000465,1,50877,11.42,12.4,2
3,3/7/20,MARLBORO GOLD REG 100 BOX,2820000465,1,50877,5.71,6.45,1
3,3/18/20,MARLBORO GOLD REG 100 BOX,2820000465,1,50877,5.71,6.45,1
3,3/19/20,MARLBORO GOLD REG 100 BOX,2820000465,1,50877,5.71,6.45,1
3,3/29/20,MARLBORO GOLD REG 100 BOX,2820000465,1,50877,5.71,6.45,1
3,3/31/20,MARLBORO GOLD REG 100 BOX,2820000465,1,50877,11.42,12.4,2
3,4/18/20,MARLBORO GOLD REG 100 BOX,2820000465,1,50877,5.71,6.45,1
3,4/22/20,MARLBORO GOLD REG 100 BOX,2820000465,1,50877,5.71,6.45,1
3,4/30/20,MARLBORO GOLD REG 100 BOX,2820000465,1,50877,11.42,12.4,2
3,5/3/20,MARLBORO GOLD REG 100 BOX,2820000465,1,50877,5.71,6.45,1
3,2/9/20,MARLBORO GOLD REG 72S BOX,2820000965,1,50886,5.63,5.85,1
3,2/9/20,MARLBORO GOLD REG 72S BOX,2820000965,1,50886,11.26,11.2,2
3,2/12/20,MARLBORO GOLD REG 72S BOX,2820000965,1,50886,5.63,5.85,1
3,3/6/20,MARLBORO GOLD REG 72S BOX,2820000965,1,50886,11.42,11.4,2
3,3/10/20,MARLBORO GOLD REG 72S BOX,2820000965,1,50886,5.71,5.95,1
3,3/13/20,MARLBORO GOLD REG 72S BOX,2820000965,1,50886,11.42,11.4,2
3,3/22/20,MARLBORO GOLD REG 72S BOX,2820000965,1,50886,5.71,5.95,1
3,3/22/20,MARLBORO GOLD REG 72S BOX,2820000965,1,50886,22.85,22.8,4
3,3/28/20,MARLBORO GOLD REG 72S BOX,2820000965,1,50886,5.71,5.95,1
3,4/2/20,MARLBORO GOLD REG 72S BOX,2820000965,1,50886,11.42,11.4,2
3,4/4/20,MARLBORO GOLD REG 72S BOX,2820000965,1,50886,11.42,11.4,2
3,4/7/20,MARLBORO GOLD REG 72S BOX,2820000965,1,50886,5.71,5.95,1
3,4/7/20,MARLBORO GOLD REG 72S BOX,2820000965,1,50886,11.42,11.4,2
3,4/8/20,MARLBORO GOLD REG 72S BOX,2820000965,1,50886,5.71,5.95,1
3,4/9/20,MARLBORO GOLD REG 72S BOX,2820000965,1,50886,5.71,5.95,1
3,4/11/20,MARLBORO GOLD REG 72S BOX,2820000965,1,50886,5.71,5.95,1
3,4/12/20,MARLBORO GOLD REG 72S BOX,2820000965,1,50886,5.71,5.95,1
3,4/13/20,MARLBORO GOLD REG 72S BOX,2820019650,10,50886,57.12,55.39,1
3,4/15/20,MARLBORO GOLD REG 72S BOX,2820000965,1,50886,11.42,11.4,2
3,5/1/20,MARLBORO GOLD REG 72S BOX,2820019650,10,50886,57.12,55.39,1
3,5/2/20,MARLBORO GOLD REG 72S BOX,2820000965,1,50886,5.71,5.95,1
3,2/6/20,MARLBORO GOLD REG KS BOX,2820000384,1,50875,5.63,6.35,1
3,2/6/20,MARLBORO GOLD REG KS BOX,2820000384,1,50875,11.26,12.2,2
3,2/7/20,MARLBORO GOLD REG KS BOX,2820000384,1,50875,22.51,24.4,4
3,2/8/20,MARLBORO GOLD REG KS BOX,2820000384,1,50875,11.26,12.7,2
3,2/9/20,MARLBORO GOLD REG KS BOX,2820000384,1,50875,11.26,12.7,2
3,2/12/20,MARLBORO GOLD REG KS BOX,2820000384,1,50875,11.26,12.7,2
3,2/12/20,MARLBORO GOLD REG KS BOX,2820000384,1,50875,11.26,12.2,2
3,2/13/20,MARLBORO GOLD REG KS BOX,2820000384,1,50875,11.26,12.7,2
3,2/14/20,MARLBORO GOLD REG KS BOX,2820000384,1,50875,16.88,19.05,3
3,2/15/20,MARLBORO GOLD REG KS BOX,2820000384,1,50875,11.26,12.7,2
3,2/15/20,MARLBORO GOLD REG KS BOX,2820000384,1,50875,11.26,12.2,2
3,2/16/20,MARLBORO GOLD REG KS BOX,2820000384,1,50875,11.26,12.2,2
3,2/17/20,MARLBORO GOLD REG KS BOX,2820000384,1,50875,11.26,12.7,2
3,2/18/20,MARLBORO GOLD REG KS BOX,2820000384,1,50875,11.42,12.7,2
3,2/18/20,MARLBORO GOLD REG KS BOX,2820000384,1,50875,11.42,12.2,2
3,2/19/20,MARLBORO GOLD REG KS BOX,2820000384,1,50875,11.42,12.7,2
3,2/20/20,MARLBORO GOLD REG KS BOX,2820000384,1,50875,22.85,24.4,4
3,2/21/20,MARLBORO GOLD REG KS BOX,2820000384,1,50875,11.42,12.7,2
3,2/21/20,MARLBORO GOLD REG KS BOX,2820000384,1,50875,5.71,6.1,1
3,2/22/20,MARLBORO GOLD REG KS BOX,2820000384,1,50875,22.85,25.4,4
3,2/22/20,MARLBORO GOLD REG KS BOX,2820000384,1,50875,11.42,12.2,2
3,2/23/20,MARLBORO GOLD REG KS BOX,2820000384,1,50875,17.14,19.05,3
3,2/24/20,MARLBORO GOLD REG KS BOX,2820000384,1,50875,5.71,6.45,1
3,2/25/20,MARLBORO GOLD REG KS BOX,2820000384,1,50875,22.85,24.8,4
3,2/26/20,MARLBORO GOLD REG KS BOX,2820000384,1,50875,5.71,6.45,1
3,2/26/20,MARLBORO GOLD REG KS BOX,2820000384,1,50875,11.42,12.4,2
3,2/27/20,MARLBORO GOLD REG KS BOX,2820000384,1,50875,11.42,12.9,2
3,2/28/20,MARLBORO GOLD REG KS BOX,2820000384,1,50875,11.42,12.9,2
3,2/28/20,MARLBORO GOLD REG KS BOX,2820000384,1,50875,5.71,6.2,1
3,2/29/20,MARLBORO GOLD REG KS BOX,2820000384,1,50875,28.56,32.25,5
3,3/1/20,MARLBORO GOLD REG KS BOX,2820000384,1,50875,11.42,12.9,2
3,3/2/20,MARLBORO GOLD REG KS BOX,2820000384,1,50875,5.71,6.45,1
3,3/2/20,MARLBORO GOLD REG KS BOX,2820000384,1,50875,22.85,24.8,4
3,3/3/20,MARLBORO GOLD REG KS BOX,2820000384,1,50875,17.14,19.35,3
3,3/3/20,MARLBORO GOLD REG KS BOX,2820000384,1,50875,11.42,12.4,2
3,3/4/20,MARLBORO GOLD REG KS BOX,2820000384,1,50875,11.42,12.4,2
3,3/5/20,MARLBORO GOLD REG KS BOX,2820000384,1,50875,11.42,12.9,2
3,3/5/20,MARLBORO GOLD REG KS BOX,2820000384,1,50875,11.42,12.4,2
3,3/6/20,MARLBORO GOLD REG KS BOX,2820000384,1,50875,17.14,19.35,3
3,3/7/20,MARLBORO GOLD REG KS BOX,2820000384,1,50875,5.71,6.45,1
3,3/7/20,MARLBORO GOLD REG KS BOX,2820000384,1,50875,22.85,24.8,4
3,3/8/20,MARLBORO GOLD REG KS BOX,2820000384,1,50875,5.71,6.45,1
3,3/8/20,MARLBORO GOLD REG KS BOX,2820000384,1,50875,17.14,18.6,3
3,3/9/20,MARLBORO GOLD REG KS BOX,2820000384,1,50875,22.85,25.8,4
3,3/10/20,MARLBORO GOLD REG KS BOX,2820000384,1,50875,5.71,6.45,1
3,3/11/20,MARLBORO GOLD REG KS BOX,2820000384,1,50875,11.42,12.9,2
3,3/11/20,MARLBORO GOLD REG KS BOX,2820000384,1,50875,11.42,12.4,2
3,3/12/20,MARLBORO GOLD REG KS BOX,2820000384,1,50875,17.14,19.35,3
3,3/12/20,MARLBORO GOLD REG KS BOX,2820000384,1,50875,11.42,12.4,2
3,3/13/20,MARLBORO GOLD REG KS BOX,2820000384,1,50875,11.42,12.9,2
3,3/13/20,MARLBORO GOLD REG KS BOX,2820000384,1,50875,34.27,37.2,6
3,3/14/20,MARLBORO GOLD REG KS BOX,2820000384,1,50875,5.71,6.45,1
3,3/14/20,MARLBORO GOLD REG KS BOX,2820000384,1,50875,11.42,12.4,2
3,3/15/20,MARLBORO GOLD REG KS BOX,2820000384,1,50875,11.42,12.4,2
3,3/16/20,MARLBORO GOLD REG KS BOX,2820000384,1,50875,17.14,19.35,3
3,3/16/20,MARLBORO GOLD REG KS BOX,2820000384,1,50875,11.42,12.4,2
3,3/17/20,MARLBORO GOLD REG KS BOX,2820000384,1,50875,22.85,24.8,4
3,3/18/20,MARLBORO GOLD REG KS BOX,2820000384,1,50875,5.71,6.45,1
3,3/20/20,MARLBORO GOLD REG KS BOX,2820000384,1,50875,17.14,19.35,3
3,3/21/20,MARLBORO GOLD REG KS BOX,2820000384,1,50875,5.71,6.45,1
3,3/22/20,MARLBORO GOLD REG KS BOX,2820000384,1,50875,22.85,25.8,4
3,3/22/20,MARLBORO GOLD REG KS BOX,2820000384,1,50875,5.71,6.2,1
3,3/23/20,MARLBORO GOLD REG KS BOX,2820000384,1,50875,5.71,6.45,1
3,3/23/20,MARLBORO GOLD REG KS BOX,2820000384,1,50875,11.42,12.4,2
3,3/26/20,MARLBORO GOLD REG KS BOX,2820000384,1,50875,11.42,12.9,2
3,3/27/20,MARLBORO GOLD REG KS BOX,2820000384,1,50875,5.71,6.45,1
3,3/27/20,MARLBORO GOLD REG KS BOX,2820000384,1,50875,11.42,12.4,2
3,3/28/20,MARLBORO GOLD REG KS BOX,2820000384,1,50875,11.42,12.9,2
3,3/28/20,MARLBORO GOLD REG KS BOX,2820000384,1,50875,11.42,12.4,2
3,3/29/20,MARLBORO GOLD REG KS BOX,2820000384,1,50875,22.85,24.8,4
3,3/30/20,MARLBORO GOLD REG KS BOX,2820000384,1,50875,5.71,6.45,1
3,3/30/20,MARLBORO GOLD REG KS BOX,2820000384,1,50875,11.42,12.4,2
3,3/31/20,MARLBORO GOLD REG KS BOX,2820000384,1,50875,11.42,12.9,2
3,4/1/20,MARLBORO GOLD REG KS BOX,2820000384,1,50875,5.71,6.45,1
3,4/2/20,MARLBORO GOLD REG KS BOX,2820000384,1,50875,5.71,6.45,1
3,4/3/20,MARLBORO GOLD REG KS BOX,2820000384,1,50875,5.71,6.45,1
3,4/4/20,MARLBORO GOLD REG KS BOX,2820000384,1,50875,22.85,24.8,4
3,4/5/20,MARLBORO GOLD REG KS BOX,2820000384,1,50875,17.14,18.6,3
3,4/6/20,MARLBORO GOLD REG KS BOX,2820000384,1,50875,5.71,6.45,1
3,4/6/20,MARLBORO GOLD REG KS BOX,2820000384,1,50875,5.71,6.2,1
3,4/7/20,MARLBORO GOLD REG KS BOX,2820000384,1,50875,5.71,6.45,1
3,4/7/20,MARLBORO GOLD REG KS BOX,2820000384,1,50875,34.27,37.2,6
3,4/8/20,MARLBORO GOLD REG KS BOX,2820000384,1,50875,34.27,37.2,6
3,4/9/20,MARLBORO GOLD REG KS BOX,2820000384,1,50875,5.71,6.45,1
3,4/10/20,MARLBORO GOLD REG KS BOX,2820000384,1,50875,5.71,6.45,1
3,4/10/20,MARLBORO GOLD REG KS BOX,2820000384,1,50875,11.42,12.4,2
3,4/11/20,MARLBORO GOLD REG KS BOX,2820000384,1,50875,17.14,19.35,3
3,4/11/20,MARLBORO GOLD REG KS BOX,2820000384,1,50875,45.7,49.6,8
3,4/12/20,MARLBORO GOLD REG KS BOX,2820000384,1,50875,11.42,12.4,2
3,4/13/20,MARLBORO GOLD REG KS BOX,2820000384,1,50875,22.85,24.8,4
3,4/14/20,MARLBORO GOLD REG KS BOX,2820000384,1,50875,5.71,6.45,1
3,4/14/20,MARLBORO GOLD REG KS BOX,2820000384,1,50875,11.42,12.4,2
3,4/16/20,MARLBORO GOLD REG KS BOX,2820000384,1,50875,17.14,18.6,3
3,4/17/20,MARLBORO GOLD REG KS BOX,2820000384,1,50875,11.42,12.4,2
3,4/18/20,MARLBORO GOLD REG KS BOX,2820000384,1,50875,5.71,6.45,1
3,4/18/20,MARLBORO GOLD REG KS BOX,2820000384,1,50875,11.42,12.4,2
3,4/19/20,MARLBORO GOLD REG KS BOX,2820000384,1,50875,5.71,6.45,1
3,4/19/20,MARLBORO GOLD REG KS BOX,2820000384,1,50875,22.85,24.8,4
3,4/20/20,MARLBORO GOLD REG KS BOX,2820000384,1,50875,5.71,6.45,1
3,4/20/20,MARLBORO GOLD REG KS BOX,2820000384,1,50875,11.42,12.4,2
3,4/21/20,MARLBORO GOLD REG KS BOX,2820000384,1,50875,11.42,12.9,2
3,4/21/20,MARLBORO GOLD REG KS BOX,2820000384,1,50875,22.85,24.8,4
3,4/22/20,MARLBORO GOLD REG KS BOX,2820000384,1,50875,11.42,12.9,2
3,4/22/20,MARLBORO GOLD REG KS BOX,2820000384,1,50875,11.42,12.4,2
3,4/23/20,MARLBORO GOLD REG KS BOX,2820000384,1,50875,11.42,12.9,2
3,4/23/20,MARLBORO GOLD REG KS BOX,2820000384,1,50875,11.42,12.4,2
3,4/24/20,MARLBORO GOLD REG KS BOX,2820000384,1,50875,11.42,12.9,2
3,4/25/20,MARLBORO GOLD REG KS BOX,2820000384,1,50875,5.71,6.45,1
3,4/25/20,MARLBORO GOLD REG KS BOX,2820000384,1,50875,17.14,18.6,3
3,4/26/20,MARLBORO GOLD REG KS BOX,2820000384,1,50875,5.71,6.45,1
3,4/26/20,MARLBORO GOLD REG KS BOX,2820000384,1,50875,11.42,12.4,2
3,4/27/20,MARLBORO GOLD REG KS BOX,2820000384,1,50875,34.27,37.2,6
3,4/29/20,MARLBORO GOLD REG KS BOX,2820000384,1,50875,5.71,6.45,1
3,4/30/20,MARLBORO GOLD REG KS BOX,2820000384,1,50875,5.71,6.45,1
3,4/30/20,MARLBORO GOLD REG KS BOX,2820000384,1,50875,22.85,24.8,4
3,5/1/20,MARLBORO GOLD REG KS BOX,2820000384,1,50875,11.42,12.9,2
3,5/1/20,MARLBORO GOLD REG KS BOX,2820000384,1,50875,17.14,18.6,3
3,5/3/20,MARLBORO GOLD REG KS BOX,2820000384,1,50875,5.71,6.45,1
3,5/3/20,MARLBORO GOLD REG KS BOX,2820000384,1,50875,11.42,12.4,2
3,3/1/20,MARLBORO GOLD REG KS SP,2820000378,1,50895,5.71,6.45,1
3,3/10/20,MARLBORO GOLD REG KS SP,2820000378,1,50895,5.71,6.45,1
3,4/4/20,MARLBORO GOLD REG KS SP,2820000378,1,50895,5.71,6.45,1
3,4/21/20,MARLBORO GOLD REG KS SP,2820000378,1,50895,5.71,6.45,1
3,4/8/20,MARLBORO M SMOOTH ICE BX K,2820033062,1,51041,5.71,6.55,1
3,2/17/20,MARLBORO MEN BLK 72 S BOX,2820000935,1,50810,5.63,5.85,1
3,2/5/20,MARLBORO MEN BLK SP BLD 100  50 OF,2820017479,1,50922,15.38,16.95,3
3,2/9/20,MARLBORO MEN BLK SP BLD 100  50 OF,2820017479,1,50922,10.26,11.3,2
3,2/11/20,MARLBORO MEN BLK SP BLD 100  50 OF,2820017479,1,50922,10.26,11.3,2
3,2/13/20,MARLBORO MEN BLK SP BLD 100  50 OF,2820017479,1,50922,5.13,5.65,1
3,2/21/20,MARLBORO MEN BLK SP BLD 100  50 OF,2820017479,1,50922,52.12,56.5,10
3,2/22/20,MARLBORO MEN BLK SP BLD 100  50 OF,2820017479,1,50922,5.21,5.65,1
3,2/23/20,MARLBORO MEN BLK SP BLD 100  50 OF,2820017479,1,50922,5.21,5.65,1
3,2/24/20,MARLBORO MEN BLK SP BLD 100  50 OF,2820017479,1,50922,5.21,5.65,1
3,2/25/20,MARLBORO MEN BLK SP BLD 100  50 OF,2820017479,1,50922,5.21,5.75,1
3,2/26/20,MARLBORO MEN BLK SP BLD 100  50 OF,2820017479,1,50922,5.21,5.75,1
3,2/27/20,MARLBORO MEN BLK SP BLD 100  50 OF,2820017479,1,50922,10.42,11.5,2
3,2/29/20,MARLBORO MEN BLK SP BLD 100  50 OF,2820017479,1,50922,5.21,5.75,1
3,3/2/20,MARLBORO MEN BLK SP BLD 100  50 OF,2820017479,1,50922,5.21,5.75,1
3,3/3/20,MARLBORO MEN BLK SP BLD 100  50 OF,2820017479,1,50922,5.21,5.75,1
3,4/13/20,MARLBORO MEN BLK SP BLD 100  50 OF,2820017479,1,50922,10.42,9.9,2
3,4/14/20,MARLBORO MEN BLK SP BLD 100  50 OF,2820017479,1,50922,5.21,4.95,1
3,4/15/20,MARLBORO MEN BLK SP BLD 100  50 OF,2820017479,1,50922,15.64,14.85,3
3,4/17/20,MARLBORO MEN BLK SP BLD 100  50 OF,2820017479,1,50922,10.42,9.9,2
3,4/20/20,MARLBORO MEN BLK SP BLD 100  50 OF,2820017479,1,50922,5.21,4.95,1
3,4/21/20,MARLBORO MEN BLK SP BLD 100  50 OF,2820017479,1,50922,5.21,4.95,1
3,4/27/20,MARLBORO MEN BLK SP BLD 100  50 OF,2820017479,1,50922,5.21,4.95,1
3,5/1/20,MARLBORO MEN BLK SP BLD 100  50 OF,2820017479,1,50922,10.42,9.9,2
3,2/8/20,MARLBORO MEN BLK SP BLD BX  50 OFF,2820017478,1,50937,10.26,11.3,2
3,2/10/20,MARLBORO MEN BLK SP BLD BX  50 OFF,2820017478,1,50937,15.38,16.95,3
3,2/11/20,MARLBORO MEN BLK SP BLD BX  50 OFF,2820017478,1,50937,5.13,5.65,1
3,2/12/20,MARLBORO MEN BLK SP BLD BX  50 OFF,2820017478,1,50937,5.13,5.65,1
3,2/15/20,MARLBORO MEN BLK SP BLD BX  50 OFF,2820017478,1,50937,10.26,11.3,2
3,2/18/20,MARLBORO MEN BLK SP BLD BX  50 OFF,2820017478,1,50937,10.42,11.3,2
3,2/19/20,MARLBORO MEN BLK SP BLD BX  50 OFF,2820017478,1,50937,10.42,11.3,2
3,2/21/20,MARLBORO MEN BLK SP BLD BX  50 OFF,2820017478,1,50937,20.85,22.6,4
3,2/22/20,MARLBORO MEN BLK SP BLD BX  50 OFF,2820017478,1,50937,15.64,16.95,3
3,2/23/20,MARLBORO MEN BLK SP BLD BX  50 OFF,2820017478,1,50937,5.21,5.65,1
3,2/24/20,MARLBORO MEN BLK SP BLD BX  50 OFF,2820017478,1,50937,15.63,17.15,3
3,2/28/20,MARLBORO MEN BLK SP BLD BX  50 OFF,2820017478,1,50937,10.42,11.5,2
3,2/29/20,MARLBORO MEN BLK SP BLD BX  50 OFF,2820017478,1,50937,5.21,5.75,1
3,3/1/20,MARLBORO MEN BLK SP BLD BX  50 OFF,2820017478,1,50937,5.21,5.75,1
3,3/13/20,MARLBORO MEN BLK SP BLD BX  50 OFF,2820017478,1,50937,5.21,5.75,1
3,4/15/20,MARLBORO MEN BLK SP BLD BX  50 OFF,2820017478,1,50937,15.64,14.85,3
3,4/16/20,MARLBORO MEN BLK SP BLD BX  50 OFF,2820017478,1,50937,10.42,9.9,2
3,4/18/20,MARLBORO MEN BLK SP BLD BX  50 OFF,2820017478,1,50937,15.64,14.85,3
3,4/19/20,MARLBORO MEN BLK SP BLD BX  50 OFF,2820017478,1,50937,15.64,14.85,3
3,2/10/20,MARLBORO MEN BX 100 50 OFF,2820017868,1,50924,10.26,11.9,2
3,2/11/20,MARLBORO MEN BX 100 50 OFF,2820017868,1,50924,15.38,17.85,3
3,2/16/20,MARLBORO MEN BX 100 50 OFF,2820017868,1,50924,5.13,5.95,1
3,2/26/20,MARLBORO MEN BX 100 50 OFF,2820017868,1,50924,5.21,6.05,1
3,2/29/20,MARLBORO MEN BX 100 50 OFF,2820017868,1,50924,10.42,12.1,2
3,3/1/20,MARLBORO MEN BX 100 50 OFF,2820017868,1,50924,5.21,6.05,1
3,3/2/20,MARLBORO MEN BX 100 50 OFF,2820017868,1,50924,5.21,6.05,1
3,3/5/20,MARLBORO MEN BX 100 50 OFF,2820017868,1,50924,5.21,6.05,1
3,3/7/20,MARLBORO MEN BX 100 50 OFF,2820017868,1,50924,10.42,12.1,2
3,3/11/20,MARLBORO MEN BX 100 50 OFF,2820017868,1,50924,10.42,12.1,2
3,3/25/20,MARLBORO MEN BX 100 50 OFF,2820017868,1,50924,5.21,6.05,1
3,2/14/20,MARLBORO MEN GLD BX 100 50 OFF,2820017871,1,50942,5.13,5.95,1
3,2/15/20,MARLBORO MEN GLD BX 100 50 OFF,2820017871,1,50942,10.26,11.9,2
3,2/21/20,MARLBORO MEN GLD BX 100 50 OFF,2820017871,1,50942,5.21,5.95,1
3,3/7/20,MARLBORO MEN GLD BX 100 50 OFF,2820017871,1,50942,10.42,12.1,2
3,3/9/20,MARLBORO MEN GLD BX 100 50 OFF,2820017871,1,50942,10.42,12.1,2
3,3/11/20,MARLBORO MEN GLD BX 100 50 OFF,2820017871,1,50942,10.42,12.1,2
3,4/14/20,MARLBORO MEN GLD BX 100 50 OFF,2820017871,1,50942,15.64,18.15,3
3,4/20/20,MARLBORO MEN GLD BX 100 50 OFF,2820017871,1,50942,10.42,12.1,2
3,4/22/20,MARLBORO MEN GLD BX 100 50 OFF,2820017871,1,50942,5.21,6.05,1
3,2/7/20,MARLBORO MEN SLATE 100 BX 50 OFF,2820017826,1,50952,5.13,5.65,1
3,2/22/20,MARLBORO MEN SLATE 100 BX 50 OFF,2820017826,1,50952,5.21,5.65,1
3,3/20/20,MARLBORO MEN SLATE 100 BX 50 OFF,2820017826,1,50952,5.21,5.75,1
3,3/15/20,MARLBORO MENTHOL 100 BOX,2820013640,10,50721,57.12,62.29,1
3,3/27/20,MARLBORO MENTHOL 100 BOX,2820000364,1,50721,11.42,12.6,2
3,3/31/20,MARLBORO MENTHOL 100 BOX,2820000364,1,50721,5.71,6.3,1
3,4/3/20,MARLBORO MENTHOL 100 BOX,2820000364,1,50721,5.71,6.55,1
3,4/3/20,MARLBORO MENTHOL 100 BOX,2820000364,1,50721,22.85,25.2,4
3,4/4/20,MARLBORO MENTHOL 100 BOX,2820000364,1,50721,5.71,6.55,1
3,2/8/20,MARLBORO MENTHOL BX KS 50 OFF,2820017867,1,50921,5.13,5.95,1
3,2/10/20,MARLBORO MENTHOL BX KS 50 OFF,2820017867,1,50921,5.13,5.95,1
3,2/11/20,MARLBORO MENTHOL BX KS 50 OFF,2820017867,1,50921,5.13,5.95,1
3,2/12/20,MARLBORO MENTHOL BX KS 50 OFF,2820017867,1,50921,15.38,17.85,3
3,2/13/20,MARLBORO MENTHOL BX KS 50 OFF,2820017867,1,50921,10.26,11.9,2
3,2/14/20,MARLBORO MENTHOL BX KS 50 OFF,2820017867,1,50921,5.13,5.95,1
3,2/15/20,MARLBORO MENTHOL BX KS 50 OFF,2820017867,1,50921,5.13,5.95,1
3,2/17/20,MARLBORO MENTHOL BX KS 50 OFF,2820017867,1,50921,10.26,11.9,2
3,2/19/20,MARLBORO MENTHOL BX KS 50 OFF,2820017867,1,50921,5.21,5.95,1
3,2/22/20,MARLBORO MENTHOL BX KS 50 OFF,2820017867,1,50921,10.42,11.9,2
3,2/24/20,MARLBORO MENTHOL BX KS 50 OFF,2820017867,1,50921,5.21,5.95,1
3,2/25/20,MARLBORO MENTHOL BX KS 50 OFF,2820017867,1,50921,10.42,12.1,2
3,2/26/20,MARLBORO MENTHOL BX KS 50 OFF,2820017867,1,50921,10.42,12.1,2
3,3/1/20,MARLBORO MENTHOL BX KS 50 OFF,2820017867,1,50921,5.21,6.05,1
3,2/24/20,MARLBORO MENTHOL ICE BX K,2820000949,1,50800,5.71,6.55,1
3,3/7/20,MARLBORO MENTHOL ICE BX K,2820000949,1,50800,5.71,6.3,1
3,3/9/20,MARLBORO MENTHOL ICE BX K,2820000949,1,50800,5.71,6.55,1
3,3/22/20,MARLBORO MENTHOL ICE BX K,2820000949,1,50800,5.71,6.55,1
3,3/23/20,MARLBORO MENTHOL ICE BX K,2820000949,1,50800,11.42,12.6,2
3,3/24/20,MARLBORO MENTHOL ICE BX K,2820000949,1,50800,5.71,6.55,1
3,3/27/20,MARLBORO MENTHOL ICE BX K,2820000949,1,50800,11.42,12.6,2
3,4/3/20,MARLBORO MENTHOL ICE BX K,2820000949,1,50800,11.42,12.6,2
3,4/5/20,MARLBORO MENTHOL ICE BX K,2820000949,1,50800,11.42,12.6,2
3,4/12/20,MARLBORO MENTHOL ICE BX K,2820000949,1,50800,11.42,12.6,2
3,4/27/20,MARLBORO MENTHOL ICE BX K,2820000949,1,50800,11.42,12.6,2
3,3/1/20,MARLBORO MENTHOL KS BOX,2820000361,1,50853,5.71,6.55,1
3,3/6/20,MARLBORO MENTHOL KS BOX,2820000361,1,50853,5.71,6.3,1
3,3/8/20,MARLBORO MENTHOL KS BOX,2820000361,1,50853,5.71,6.55,1
3,3/10/20,MARLBORO MENTHOL KS BOX,2820000361,1,50853,11.42,12.6,2
3,3/12/20,MARLBORO MENTHOL KS BOX,2820000361,1,50853,11.42,13.1,2
3,3/13/20,MARLBORO MENTHOL KS BOX,2820000361,1,50853,11.42,13.1,2
3,3/14/20,MARLBORO MENTHOL KS BOX,2820000361,1,50853,11.42,13.1,2
3,3/15/20,MARLBORO MENTHOL KS BOX,2820000361,1,50853,11.42,13.1,2
3,3/15/20,MARLBORO MENTHOL KS BOX,2820000361,1,50853,11.42,12.6,2
3,3/16/20,MARLBORO MENTHOL KS BOX,2820000361,1,50853,11.42,13.1,2
3,3/18/20,MARLBORO MENTHOL KS BOX,2820000361,1,50853,5.71,6.55,1
3,3/18/20,MARLBORO MENTHOL KS BOX,2820000361,1,50853,11.42,12.6,2
3,3/20/20,MARLBORO MENTHOL KS BOX,2820000361,1,50853,5.71,6.3,1
3,3/21/20,MARLBORO MENTHOL KS BOX,2820000361,1,50853,22.85,25.2,4
3,3/22/20,MARLBORO MENTHOL KS BOX,2820000361,1,50853,5.71,6.55,1
3,3/22/20,MARLBORO MENTHOL KS BOX,2820000361,1,50853,11.42,12.6,2
3,3/26/20,MARLBORO MENTHOL KS BOX,2820000361,1,50853,11.42,12.6,2
3,3/28/20,MARLBORO MENTHOL KS BOX,2820000361,1,50853,11.42,12.6,2
3,3/29/20,MARLBORO MENTHOL KS BOX,2820000361,1,50853,17.14,19.65,3
3,4/2/20,MARLBORO MENTHOL KS BOX,2820000361,1,50853,5.71,6.55,1
3,4/3/20,MARLBORO MENTHOL KS BOX,2820000361,1,50853,5.71,6.55,1
3,4/4/20,MARLBORO MENTHOL KS BOX,2820000361,1,50853,11.42,12.6,2
3,4/6/20,MARLBORO MENTHOL KS BOX,2820000361,1,50853,11.42,12.6,2
3,4/12/20,MARLBORO MENTHOL KS BOX,2820000361,1,50853,5.71,6.55,1
3,4/12/20,MARLBORO MENTHOL KS BOX,2820000361,1,50853,11.42,12.6,2
3,4/13/20,MARLBORO MENTHOL KS BOX,2820000361,1,50853,5.71,6.55,1
3,4/13/20,MARLBORO MENTHOL KS BOX,2820000361,1,50853,11.42,12.6,2
3,4/15/20,MARLBORO MENTHOL KS BOX,2820000361,1,50853,11.42,12.6,2
3,4/17/20,MARLBORO MENTHOL KS BOX,2820000361,1,50853,5.71,6.55,1
3,4/20/20,MARLBORO MENTHOL KS BOX,2820000361,1,50853,17.14,18.9,3
3,4/23/20,MARLBORO MENTHOL KS BOX,2820000361,1,50853,5.71,6.55,1
3,4/30/20,MARLBORO MENTHOL KS BOX,2820000361,1,50853,5.71,6.55,1
3,5/1/20,MARLBORO MENTHOL KS BOX,2820000361,1,50853,11.42,13.1,2
3,5/1/20,MARLBORO MENTHOL KS BOX,2820000361,1,50853,11.42,12.6,2
3,5/2/20,MARLBORO MENTHOL KS BOX,2820000361,1,50853,5.71,6.55,1
3,5/3/20,MARLBORO MENTHOL KS BOX,2820000361,1,50853,11.42,12.6,2
3,3/29/20,MARLBORO MENTHOL KS SP,2820000359,1,50801,10.55,12.6,2
3,3/30/20,MARLBORO MENTHOL KS SP,2820000359,1,50801,5.28,6.55,1
3,3/11/20,MARLBORO MIDNIGHT MEN BX 50 OFF,2820017818,1,50954,5.21,5.75,1
3,4/9/20,MARLBORO MIDNIGHT MEN BX 50 OFF,2820017818,1,50954,5.21,4.95,1
3,2/7/20,MARLBORO NXT BX,2820031772,1,50831,5.63,6.15,1
3,2/8/20,MARLBORO NXT BX,2820031772,1,50831,22.51,23.6,4
3,4/15/20,MARLBORO NXT BX,2820031772,1,50831,5.71,5.45,1
3,4/20/20,MARLBORO NXT BX,2820031772,1,50831,5.71,5.45,1
3,4/22/20,MARLBORO NXT BX,2820031772,1,50831,5.71,5.45,1
3,4/24/20,MARLBORO NXT BX,2820031772,1,50831,11.42,10.9,2
3,4/26/20,MARLBORO NXT BX,2820031772,1,50831,5.71,5.45,1
3,2/24/20,MARLBORO NXT BX  50 OFF,2820017492,1,50949,5.21,5.65,1
3,2/26/20,MARLBORO NXT BX  50 OFF,2820017492,1,50949,5.21,5.75,1
3,2/28/20,MARLBORO NXT BX  50 OFF,2820017492,1,50949,5.21,5.75,1
3,3/1/20,MARLBORO NXT BX  50 OFF,2820017492,1,50949,10.42,11.5,2
3,3/3/20,MARLBORO NXT BX  50 OFF,2820017492,1,50949,5.21,5.75,1
3,3/13/20,MARLBORO NXT BX  50 OFF,2820017492,1,50949,5.21,5.75,1
3,3/14/20,MARLBORO NXT BX  50 OFF,2820017492,1,50949,5.21,5.75,1
3,4/19/20,MARLBORO NXT BX  50 OFF,2820017492,1,50949,5.21,4.95,1
3,4/20/20,MARLBORO NXT BX  50 OFF,2820017492,1,50949,5.21,4.95,1
3,2/23/20,MARLBORO RED LABEL KS BOX,2820000368,1,50861,5.71,6.35,1
3,2/5/20,MARLBORO REG 100 BOX,2820000363,1,50848,5.63,6.35,1
3,2/7/20,MARLBORO REG 100 BOX,2820000363,1,50848,11.26,12.7,2
3,2/8/20,MARLBORO REG 100 BOX,2820000363,1,50848,5.63,6.35,1
3,2/10/20,MARLBORO REG 100 BOX,2820000363,1,50848,5.63,6.35,1
3,2/14/20,MARLBORO REG 100 BOX,2820000363,1,50848,16.88,19.05,3
3,2/17/20,MARLBORO REG 100 BOX,2820000363,1,50848,5.63,6.35,1
3,2/18/20,MARLBORO REG 100 BOX,2820000363,1,50848,5.71,6.35,1
3,2/19/20,MARLBORO REG 100 BOX,2820000363,1,50848,5.71,6.35,1
3,2/20/20,MARLBORO REG 100 BOX,2820000363,1,50848,11.42,12.7,2
3,2/21/20,MARLBORO REG 100 BOX,2820000363,1,50848,5.71,6.35,1
3,2/26/20,MARLBORO REG 100 BOX,2820000363,1,50848,5.71,6.45,1
3,2/27/20,MARLBORO REG 100 BOX,2820000363,1,50848,11.42,12.9,2
3,2/29/20,MARLBORO REG 100 BOX,2820000363,1,50848,5.71,6.45,1
3,3/1/20,MARLBORO REG 100 BOX,2820000363,1,50848,11.42,12.9,2
3,3/3/20,MARLBORO REG 100 BOX,2820000363,1,50848,5.71,6.45,1
3,3/7/20,MARLBORO REG 100 BOX,2820000363,1,50848,5.71,6.45,1
3,3/7/20,MARLBORO REG 100 BOX,2820000363,1,50848,5.71,6.2,1
3,3/8/20,MARLBORO REG 100 BOX,2820000363,1,50848,5.71,6.45,1
3,3/9/20,MARLBORO REG 100 BOX,2820000363,1,50848,5.71,6.45,1
3,3/10/20,MARLBORO REG 100 BOX,2820000363,1,50848,5.71,6.45,1
3,3/13/20,MARLBORO REG 100 BOX,2820000363,1,50848,5.71,6.45,1
3,3/14/20,MARLBORO REG 100 BOX,2820000363,1,50848,5.71,6.45,1
3,3/16/20,MARLBORO REG 100 BOX,2820000363,1,50848,5.71,6.45,1
3,3/18/20,MARLBORO REG 100 BOX,2820000363,1,50848,5.71,6.45,1
3,3/19/20,MARLBORO REG 100 BOX,2820000363,1,50848,11.42,12.9,2
3,3/21/20,MARLBORO REG 100 BOX,2820000363,1,50848,5.71,6.45,1
3,3/21/20,MARLBORO REG 100 BOX,2820000363,1,50848,11.42,12.4,2
3,3/22/20,MARLBORO REG 100 BOX,2820000363,1,50848,5.71,6.45,1
3,3/23/20,MARLBORO REG 100 BOX,2820000363,1,50848,5.71,6.45,1
3,3/24/20,MARLBORO REG 100 BOX,2820000363,1,50848,11.42,12.9,2
3,3/24/20,MARLBORO REG 100 BOX,2820000363,1,50848,11.42,12.4,2
3,3/25/20,MARLBORO REG 100 BOX,2820000363,1,50848,11.42,12.4,2
3,3/26/20,MARLBORO REG 100 BOX,2820000363,1,50848,5.71,6.45,1
3,3/28/20,MARLBORO REG 100 BOX,2820000363,1,50848,5.71,6.45,1
3,3/31/20,MARLBORO REG 100 BOX,2820000363,1,50848,5.71,6.45,1
3,4/1/20,MARLBORO REG 100 BOX,2820000363,1,50848,5.71,6.45,1
3,4/2/20,MARLBORO REG 100 BOX,2820000363,1,50848,5.71,6.45,1
3,4/3/20,MARLBORO REG 100 BOX,2820000363,1,50848,11.42,12.9,2
3,4/3/20,MARLBORO REG 100 BOX,2820000363,1,50848,5.71,6.2,1
3,4/7/20,MARLBORO REG 100 BOX,2820000363,1,50848,5.71,6.45,1
3,4/8/20,MARLBORO REG 100 BOX,2820000363,1,50848,11.42,12.9,2
3,4/9/20,MARLBORO REG 100 BOX,2820000363,1,50848,11.42,12.9,2
3,4/10/20,MARLBORO REG 100 BOX,2820000363,1,50848,11.42,12.4,2
3,4/11/20,MARLBORO REG 100 BOX,2820000363,1,50848,5.71,6.45,1
3,4/12/20,MARLBORO REG 100 BOX,2820000363,1,50848,11.42,12.4,2
3,4/13/20,MARLBORO REG 100 BOX,2820000363,1,50848,11.42,12.9,2
3,4/14/20,MARLBORO REG 100 BOX,2820000363,1,50848,5.71,6.45,1
3,4/17/20,MARLBORO REG 100 BOX,2820000363,1,50848,5.71,6.45,1
3,4/17/20,MARLBORO REG 100 BOX,2820000363,1,50848,11.42,12.4,2
3,4/18/20,MARLBORO REG 100 BOX,2820000363,1,50848,11.42,12.4,2
3,4/20/20,MARLBORO REG 100 BOX,2820000363,1,50848,5.71,6.45,1
3,4/22/20,MARLBORO REG 100 BOX,2820000363,1,50848,11.42,12.4,2
3,4/23/20,MARLBORO REG 100 BOX,2820000363,1,50848,5.71,6.45,1
3,4/24/20,MARLBORO REG 100 BOX,2820000363,1,50848,5.71,6.45,1
3,4/25/20,MARLBORO REG 100 BOX,2820000363,1,50848,5.71,6.45,1
3,4/25/20,MARLBORO REG 100 BOX,2820000363,1,50848,11.42,12.4,2
3,4/29/20,MARLBORO REG 100 BOX,2820000363,1,50848,22.85,24.8,4
3,4/30/20,MARLBORO REG 100 BOX,2820000363,1,50848,5.71,6.45,1
3,5/2/20,MARLBORO REG 100 BOX,2820000363,1,50848,11.42,12.4,2
3,5/3/20,MARLBORO REG 100 BOX,2820000363,1,50848,11.42,12.4,2
3,3/16/20,MARLBORO REG 1OO SP,2820000362,1,50846,5.71,6.45,1
3,2/5/20,MARLBORO REG 72 S BOX,2820000963,1,50842,5.63,5.85,1
3,2/9/20,MARLBORO REG 72 S BOX,2820000963,1,50842,11.26,11.2,2
3,2/11/20,MARLBORO REG 72 S BOX,2820000963,1,50842,5.63,5.85,1
3,2/14/20,MARLBORO REG 72 S BOX,2820000963,1,50842,11.26,11.2,2
3,2/17/20,MARLBORO REG 72 S BOX,2820000963,1,50842,5.63,5.85,1
3,2/18/20,MARLBORO REG 72 S BOX,2820000963,1,50842,11.42,11.2,2
3,2/19/20,MARLBORO REG 72 S BOX,2820000963,1,50842,5.71,5.85,1
3,2/20/20,MARLBORO REG 72 S BOX,2820000963,1,50842,11.42,11.2,2
3,2/21/20,MARLBORO REG 72 S BOX,2820000963,1,50842,5.71,5.85,1
3,2/22/20,MARLBORO REG 72 S BOX,2820000963,1,50842,11.42,11.2,2
3,2/23/20,MARLBORO REG 72 S BOX,2820000963,1,50842,11.42,11.2,2
3,2/24/20,MARLBORO REG 72 S BOX,2820000963,1,50842,5.71,5.85,1
3,2/25/20,MARLBORO REG 72 S BOX,2820000963,1,50842,11.42,11.4,2
3,2/26/20,MARLBORO REG 72 S BOX,2820000963,1,50842,5.71,5.95,1
3,2/27/20,MARLBORO REG 72 S BOX,2820000963,1,50842,5.71,5.95,1
3,2/27/20,MARLBORO REG 72 S BOX,2820000963,1,50842,11.42,11.4,2
3,2/29/20,MARLBORO REG 72 S BOX,2820000963,1,50842,5.71,5.95,1
3,3/1/20,MARLBORO REG 72 S BOX,2820000963,1,50842,11.42,11.4,2
3,3/7/20,MARLBORO REG 72 S BOX,2820000963,1,50842,5.71,5.95,1
3,3/8/20,MARLBORO REG 72 S BOX,2820000963,1,50842,5.71,5.95,1
3,3/9/20,MARLBORO REG 72 S BOX,2820000963,1,50842,5.71,5.95,1
3,3/11/20,MARLBORO REG 72 S BOX,2820000963,1,50842,5.71,5.95,1
3,3/13/20,MARLBORO REG 72 S BOX,2820000963,1,50842,11.42,11.4,2
3,3/16/20,MARLBORO REG 72 S BOX,2820000963,1,50842,5.71,5.95,1
3,3/17/20,MARLBORO REG 72 S BOX,2820000963,1,50842,5.71,5.95,1
3,3/19/20,MARLBORO REG 72 S BOX,2820000963,1,50842,11.42,11.4,2
3,3/20/20,MARLBORO REG 72 S BOX,2820000963,1,50842,11.42,11.4,2
3,3/25/20,MARLBORO REG 72 S BOX,2820000963,1,50842,5.71,5.95,1
3,3/27/20,MARLBORO REG 72 S BOX,2820000963,1,50842,5.71,5.95,1
3,3/28/20,MARLBORO REG 72 S BOX,2820000963,1,50842,11.42,11.9,2
3,3/29/20,MARLBORO REG 72 S BOX,2820000963,1,50842,5.71,5.95,1
3,3/30/20,MARLBORO REG 72 S BOX,2820000963,1,50842,5.71,5.95,1
3,3/30/20,MARLBORO REG 72 S BOX,2820000963,1,50842,11.42,11.4,2
3,3/31/20,MARLBORO REG 72 S BOX,2820000963,1,50842,5.71,5.95,1
3,4/1/20,MARLBORO REG 72 S BOX,2820000963,1,50842,11.42,11.9,2
3,4/1/20,MARLBORO REG 72 S BOX,2820000963,1,50842,11.42,11.4,2
3,4/2/20,MARLBORO REG 72 S BOX,2820019630,10,50842,57.12,55.39,1
3,4/4/20,MARLBORO REG 72 S BOX,2820000963,1,50842,5.71,5.95,1
3,4/6/20,MARLBORO REG 72 S BOX,2820000963,1,50842,11.42,11.9,2
3,4/8/20,MARLBORO REG 72 S BOX,2820000963,1,50842,11.42,11.4,2
3,4/10/20,MARLBORO REG 72 S BOX,2820000963,1,50842,11.42,11.4,2
3,4/14/20,MARLBORO REG 72 S BOX,2820000963,1,50842,11.42,11.4,2
3,4/15/20,MARLBORO REG 72 S BOX,2820000963,1,50842,11.42,11.4,2
3,4/16/20,MARLBORO REG 72 S BOX,2820000963,1,50842,11.42,11.4,2
3,4/21/20,MARLBORO REG 72 S BOX,2820000963,1,50842,11.42,11.4,2
3,4/23/20,MARLBORO REG 72 S BOX,2820000963,1,50842,11.42,11.4,2
3,4/24/20,MARLBORO REG 72 S BOX,2820000963,1,50842,11.42,11.4,2
3,4/30/20,MARLBORO REG 72 S BOX,2820000963,1,50842,11.42,11.4,2
3,2/7/20,MARLBORO REG KS BOX,2820000357,1,50897,22.51,24.4,4
3,2/8/20,MARLBORO REG KS BOX,2820000357,1,50897,5.63,6.35,1
3,2/10/20,MARLBORO REG KS BOX,2820000357,1,50897,16.88,19.05,3
3,2/11/20,MARLBORO REG KS BOX,2820000357,1,50897,5.63,6.35,1
3,2/13/20,MARLBORO REG KS BOX,2820000357,1,50897,5.63,6.35,1
3,2/14/20,MARLBORO REG KS BOX,2820000357,1,50897,5.63,6.35,1
3,2/15/20,MARLBORO REG KS BOX,2820000357,1,50897,5.63,6.35,1
3,2/17/20,MARLBORO REG KS BOX,2820000357,1,50897,5.63,6.35,1
3,2/18/20,MARLBORO REG KS BOX,2820000357,1,50897,11.42,12.7,2
3,2/19/20,MARLBORO REG KS BOX,2820000357,1,50897,17.14,19.05,3
3,2/20/20,MARLBORO REG KS BOX,2820000357,1,50897,11.42,12.7,2
3,2/21/20,MARLBORO REG KS BOX,2820000357,1,50897,11.42,12.7,2
3,2/21/20,MARLBORO REG KS BOX,2820000357,1,50897,5.71,6.1,1
3,2/22/20,MARLBORO REG KS BOX,2820000357,1,50897,5.71,6.35,1
3,2/23/20,MARLBORO REG KS BOX,2820000357,1,50897,5.71,6.35,1
3,2/24/20,MARLBORO REG KS BOX,2820000357,1,50897,5.71,6.35,1
3,2/26/20,MARLBORO REG KS BOX,2820000357,1,50897,11.42,12.4,2
3,2/28/20,MARLBORO REG KS BOX,2820000357,1,50897,11.42,12.9,2
3,2/29/20,MARLBORO REG KS BOX,2820000357,1,50897,5.71,6.45,1
3,3/2/20,MARLBORO REG KS BOX,2820000357,1,50897,5.71,6.45,1
3,3/2/20,MARLBORO REG KS BOX,2820000357,1,50897,5.71,6.2,1
3,3/5/20,MARLBORO REG KS BOX,2820000357,1,50897,5.71,6.45,1
3,3/6/20,MARLBORO REG KS BOX,2820000357,1,50897,5.71,6.45,1
3,3/6/20,MARLBORO REG KS BOX,2820000357,1,50897,5.71,6.2,1
3,3/7/20,MARLBORO REG KS BOX,2820000357,1,50897,11.42,12.9,2
3,3/8/20,MARLBORO REG KS BOX,2820000357,1,50897,11.42,12.9,2
3,3/8/20,MARLBORO REG KS BOX,2820000357,1,50897,17.14,18.6,3
3,3/9/20,MARLBORO REG KS BOX,2820000357,1,50897,5.71,6.2,1
3,3/10/20,MARLBORO REG KS BOX,2820000357,1,50897,11.42,12.4,2
3,3/12/20,MARLBORO REG KS BOX,2820000357,1,50897,5.71,6.45,1
3,3/13/20,MARLBORO REG KS BOX,2820000357,1,50897,17.14,19.35,3
3,3/13/20,MARLBORO REG KS BOX,2820000357,1,50897,11.42,12.4,2
3,3/14/20,MARLBORO REG KS BOX,2820000357,1,50897,17.14,19.35,3
3,3/15/20,MARLBORO REG KS BOX,2820000357,1,50897,11.42,12.4,2
3,3/16/20,MARLBORO REG KS BOX,2820000357,1,50897,5.71,6.45,1
3,3/17/20,MARLBORO REG KS BOX,2820000357,1,50897,5.71,6.45,1
3,3/22/20,MARLBORO REG KS BOX,2820000357,1,50897,5.71,6.45,1
3,3/22/20,MARLBORO REG KS BOX,2820000357,1,50897,11.42,12.4,2
3,3/24/20,MARLBORO REG KS BOX,2820000357,1,50897,5.71,6.45,1
3,3/26/20,MARLBORO REG KS BOX,2820000357,1,50897,5.71,6.45,1
3,3/27/20,MARLBORO REG KS BOX,2820000357,1,50897,11.42,12.4,2
3,3/28/20,MARLBORO REG KS BOX,2820000357,1,50897,22.85,25.8,4
3,3/30/20,MARLBORO REG KS BOX,2820000357,1,50897,11.42,12.9,2
3,3/31/20,MARLBORO REG KS BOX,2820000357,1,50897,5.71,6.45,1
3,3/31/20,MARLBORO REG KS BOX,2820000357,1,50897,17.14,18.6,3
3,4/5/20,MARLBORO REG KS BOX,2820000357,1,50897,5.71,6.45,1
3,4/8/20,MARLBORO REG KS BOX,2820000357,1,50897,5.71,6.45,1
3,4/8/20,MARLBORO REG KS BOX,2820000357,1,50897,11.42,12.4,2
3,4/9/20,MARLBORO REG KS BOX,2820000357,1,50897,22.85,24.8,4
3,4/10/20,MARLBORO REG KS BOX,2820000357,1,50897,5.71,6.45,1
3,4/15/20,MARLBORO REG KS BOX,2820000357,1,50897,11.42,12.4,2
3,4/16/20,MARLBORO REG KS BOX,2820000357,1,50897,11.42,12.9,2
3,4/18/20,MARLBORO REG KS BOX,2820000357,1,50897,17.14,19.35,3
3,4/20/20,MARLBORO REG KS BOX,2820000357,1,50897,5.71,6.45,1
3,4/20/20,MARLBORO REG KS BOX,2820000357,1,50897,17.14,18.6,3
3,4/24/20,MARLBORO REG KS BOX,2820000357,1,50897,5.71,6.45,1
3,4/25/20,MARLBORO REG KS BOX,2820000357,1,50897,5.71,6.45,1
3,4/25/20,MARLBORO REG KS BOX,2820000357,1,50897,5.71,6.2,1
3,4/26/20,MARLBORO REG KS BOX,2820000357,1,50897,5.71,6.45,1
3,4/26/20,MARLBORO REG KS BOX,2820000357,1,50897,11.42,12.4,2
3,5/1/20,MARLBORO REG KS BOX,2820000357,1,50897,5.71,6.45,1
3,5/1/20,MARLBORO REG KS BOX,2820000357,1,50897,5.71,6.2,1
3,5/2/20,MARLBORO REG KS BOX,2820000357,1,50897,5.71,6.45,1
3,5/2/20,MARLBORO REG KS BOX,2820000357,1,50897,11.42,12.4,2
3,5/3/20,MARLBORO REG KS BOX,2820000357,1,50897,5.71,6.45,1
3,2/7/20,MARLBORO REG KS SP,2820000358,1,50720,5.63,6.35,1
3,2/8/20,MARLBORO REG KS SP,2820000358,1,50720,11.26,12.7,2
3,2/9/20,MARLBORO REG KS SP,2820000358,1,50720,11.26,12.2,2
3,2/23/20,MARLBORO REG KS SP,2820000358,1,50720,5.71,6.35,1
3,3/2/20,MARLBORO REG KS SP,2820000358,1,50720,11.42,12.4,2
3,3/8/20,MARLBORO REG KS SP,2820000358,1,50720,5.71,6.45,1
3,3/25/20,MARLBORO REG KS SP,2820000358,1,50720,11.42,12.4,2
3,4/2/20,MARLBORO REG KS SP,2820000358,1,50720,5.71,6.45,1
3,4/9/20,MARLBORO REG KS SP,2820000358,1,50720,11.42,12.4,2
3,4/27/20,MARLBORO REG KS SP,2820000358,1,50720,5.71,6.45,1
3,5/1/20,MARLBORO REG KS SP,2820000358,1,50720,5.71,6.45,1
3,5/2/20,MARLBORO REG KS SP,2820000358,1,50720,5.71,6.45,1
3,2/5/20,MARLBORO SILVER 100 BOX,2820014780,10,50890,56.28,60.09,1
3,2/13/20,MARLBORO SILVER 100 BOX,2820014780,10,50890,56.28,60.09,1
3,2/19/20,MARLBORO SILVER 100 BOX,2820014780,10,50890,57.12,60.09,1
3,2/25/20,MARLBORO SILVER 100 BOX,2820014780,10,50890,57.12,61.09,1
3,3/3/20,MARLBORO SILVER 100 BOX,2820014780,10,50890,57.12,61.09,1
3,3/8/20,MARLBORO SILVER 100 BOX,2820014780,10,50890,57.12,61.09,1
3,3/19/20,MARLBORO SILVER 100 BOX,2820000478,1,50890,5.71,6.45,1
3,3/28/20,MARLBORO SILVER 100 BOX,2820014780,10,50890,57.12,61.09,1
3,4/3/20,MARLBORO SILVER 100 BOX,2820014780,10,50890,57.12,61.09,1
3,4/9/20,MARLBORO SILVER 100 BOX,2820014780,10,50890,57.12,61.09,1
3,4/16/20,MARLBORO SILVER 100 BOX,2820014780,10,50890,57.12,61.09,1
3,4/22/20,MARLBORO SILVER 100 BOX,2820014780,10,50890,57.12,61.09,1
3,4/30/20,MARLBORO SILVER 100 BOX,2820014780,10,50890,57.12,61.09,1
3,5/2/20,MARLBORO SILVER 100 BOX,2820000478,1,50890,11.42,12.4,2
3,2/5/20,MARLBORO SILVER KS BOX,2820000477,1,50802,11.26,12.2,2
3,2/8/20,MARLBORO SILVER KS BOX,2820000477,1,50802,5.63,6.35,1
3,2/8/20,MARLBORO SILVER KS BOX,2820000477,1,50802,11.26,12.2,2
3,2/9/20,MARLBORO SILVER KS BOX,2820000477,1,50802,11.26,12.2,2
3,2/11/20,MARLBORO SILVER KS BOX,2820000477,1,50802,11.26,12.2,2
3,2/13/20,MARLBORO SILVER KS BOX,2820000477,1,50802,5.63,6.35,1
3,2/13/20,MARLBORO SILVER KS BOX,2820000477,1,50802,11.26,12.2,2
3,2/14/20,MARLBORO SILVER KS BOX,2820000477,1,50802,11.26,12.7,2
3,2/15/20,MARLBORO SILVER KS BOX,2820000477,1,50802,11.26,12.7,2
3,2/16/20,MARLBORO SILVER KS BOX,2820000477,1,50802,11.26,12.2,2
3,2/18/20,MARLBORO SILVER KS BOX,2820000477,1,50802,5.71,6.35,1
3,2/18/20,MARLBORO SILVER KS BOX,2820014770,10,50802,57.12,60.09,1
3,2/21/20,MARLBORO SILVER KS BOX,2820000477,1,50802,11.42,12.7,2
3,2/23/20,MARLBORO SILVER KS BOX,2820000477,1,50802,5.71,6.35,1
3,2/23/20,MARLBORO SILVER KS BOX,2820000477,1,50802,11.42,12.2,2
3,2/24/20,MARLBORO SILVER KS BOX,2820000477,1,50802,11.42,12.2,2
3,2/25/20,MARLBORO SILVER KS BOX,2820000477,1,50802,11.42,12.4,2
3,2/27/20,MARLBORO SILVER KS BOX,2820000477,1,50802,11.42,12.4,2
3,2/28/20,MARLBORO SILVER KS BOX,2820000477,1,50802,11.42,12.9,2
3,2/29/20,MARLBORO SILVER KS BOX,2820000477,1,50802,17.14,19.35,3
3,2/29/20,MARLBORO SILVER KS BOX,2820000477,1,50802,11.42,12.4,2
3,3/1/20,MARLBORO SILVER KS BOX,2820000477,1,50802,5.71,6.45,1
3,3/1/20,MARLBORO SILVER KS BOX,2820000477,1,50802,11.42,12.4,2
3,3/3/20,MARLBORO SILVER KS BOX,2820000477,1,50802,11.42,12.9,2
3,3/4/20,MARLBORO SILVER KS BOX,2820000477,1,50802,5.71,6.45,1
3,3/4/20,MARLBORO SILVER KS BOX,2820000477,1,50802,11.42,12.4,2
3,3/5/20,MARLBORO SILVER KS BOX,2820000477,1,50802,5.71,6.45,1
3,3/7/20,MARLBORO SILVER KS BOX,2820000477,1,50802,5.71,6.45,1
3,3/8/20,MARLBORO SILVER KS BOX,2820000477,1,50802,22.85,24.8,4
3,3/9/20,MARLBORO SILVER KS BOX,2820000477,1,50802,5.71,6.45,1
3,3/10/20,MARLBORO SILVER KS BOX,2820000477,1,50802,5.71,6.45,1
3,3/11/20,MARLBORO SILVER KS BOX,2820000477,1,50802,17.14,19.35,3
3,3/13/20,MARLBORO SILVER KS BOX,2820000477,1,50802,11.42,12.4,2
3,3/14/20,MARLBORO SILVER KS BOX,2820000477,1,50802,11.42,12.4,2
3,3/15/20,MARLBORO SILVER KS BOX,2820000477,1,50802,11.42,12.4,2
3,3/16/20,MARLBORO SILVER KS BOX,2820000477,1,50802,5.71,6.45,1
3,3/17/20,MARLBORO SILVER KS BOX,2820014770,10,50802,57.12,61.09,1
3,3/18/20,MARLBORO SILVER KS BOX,2820000477,1,50802,11.42,12.9,2
3,3/19/20,MARLBORO SILVER KS BOX,2820000477,1,50802,5.71,6.45,1
3,3/20/20,MARLBORO SILVER KS BOX,2820000477,1,50802,5.71,6.45,1
3,3/21/20,MARLBORO SILVER KS BOX,2820000477,1,50802,11.42,12.4,2
3,3/22/20,MARLBORO SILVER KS BOX,2820000477,1,50802,5.71,6.2,1
3,3/23/20,MARLBORO SILVER KS BOX,2820000477,1,50802,22.85,24.8,4
3,3/25/20,MARLBORO SILVER KS BOX,2820000477,1,50802,5.71,6.45,1
3,3/26/20,MARLBORO SILVER KS BOX,2820000477,1,50802,5.71,6.45,1
3,3/29/20,MARLBORO SILVER KS BOX,2820000477,1,50802,5.71,6.45,1
3,3/30/20,MARLBORO SILVER KS BOX,2820000477,1,50802,11.42,12.4,2
3,3/31/20,MARLBORO SILVER KS BOX,2820000477,1,50802,5.71,6.45,1
3,4/1/20,MARLBORO SILVER KS BOX,2820000477,1,50802,5.71,6.45,1
3,4/2/20,MARLBORO SILVER KS BOX,2820000477,1,50802,22.85,24.8,4
3,4/3/20,MARLBORO SILVER KS BOX,2820014770,10,50802,57.12,61.09,1
3,4/5/20,MARLBORO SILVER KS BOX,2820000477,1,50802,11.42,12.9,2
3,4/5/20,MARLBORO SILVER KS BOX,2820000477,1,50802,5.71,6.2,1
3,4/6/20,MARLBORO SILVER KS BOX,2820000477,1,50802,5.71,6.2,1
3,4/8/20,MARLBORO SILVER KS BOX,2820000477,1,50802,11.42,12.4,2
3,4/9/20,MARLBORO SILVER KS BOX,2820000477,1,50802,5.71,6.45,1
3,4/10/20,MARLBORO SILVER KS BOX,2820000477,1,50802,5.71,6.45,1
3,4/11/20,MARLBORO SILVER KS BOX,2820000477,1,50802,5.71,6.45,1
3,4/12/20,MARLBORO SILVER KS BOX,2820000477,1,50802,5.71,6.45,1
3,4/12/20,MARLBORO SILVER KS BOX,2820000477,1,50802,22.85,24.8,4
3,4/13/20,MARLBORO SILVER KS BOX,2820000477,1,50802,22.85,24.8,4
3,4/15/20,MARLBORO SILVER KS BOX,2820000477,1,50802,5.71,6.45,1
3,4/16/20,MARLBORO SILVER KS BOX,2820000477,1,50802,17.14,18.6,3
3,4/17/20,MARLBORO SILVER KS BOX,2820000477,1,50802,11.42,12.4,2
3,4/18/20,MARLBORO SILVER KS BOX,2820000477,1,50802,5.71,6.45,1
3,4/19/20,MARLBORO SILVER KS BOX,2820000477,1,50802,11.42,12.4,2
3,4/20/20,MARLBORO SILVER KS BOX,2820000477,1,50802,5.71,6.45,1
3,4/21/20,MARLBORO SILVER KS BOX,2820000477,1,50802,5.71,6.45,1
3,4/23/20,MARLBORO SILVER KS BOX,2820000477,1,50802,22.85,24.8,4
3,4/24/20,MARLBORO SILVER KS BOX,2820000477,1,50802,11.42,12.4,2
3,4/25/20,MARLBORO SILVER KS BOX,2820000477,1,50802,5.71,6.45,1
3,4/26/20,MARLBORO SILVER KS BOX,2820000477,1,50802,22.85,24.8,4
3,4/29/20,MARLBORO SILVER KS BOX,2820000477,1,50802,11.42,12.4,2
3,5/1/20,MARLBORO SILVER KS BOX,2820000477,1,50802,11.42,12.4,2
3,5/2/20,MARLBORO SILVER KS BOX,2820000477,1,50802,11.42,12.4,2
3,5/3/20,MARLBORO SILVER KS BOX,2820000477,1,50802,5.71,6.45,1
3,5/3/20,MARLBORO SILVER KS BOX,2820000477,1,50802,11.42,12.4,2
3,2/6/20,MARLBORO SILVER MENTHOL KS BOX,2820000481,1,50819,5.63,6.45,1
3,2/6/20,MARLBORO SILVER MENTHOL KS BOX,2820000481,1,50819,11.26,12.4,2
3,2/13/20,MARLBORO SILVER MENTHOL KS BOX,2820000481,1,50819,5.63,6.45,1
3,2/13/20,MARLBORO SILVER MENTHOL KS BOX,2820000481,1,50819,11.26,12.4,2
3,2/17/20,MARLBORO SILVER MENTHOL KS BOX,2820000481,1,50819,5.63,6.45,1
3,2/17/20,MARLBORO SILVER MENTHOL KS BOX,2820000481,1,50819,11.26,12.4,2
3,2/20/20,MARLBORO SILVER MENTHOL KS BOX,2820000481,1,50819,5.71,6.45,1
3,2/20/20,MARLBORO SILVER MENTHOL KS BOX,2820000481,1,50819,11.42,12.4,2
3,2/23/20,MARLBORO SILVER MENTHOL KS BOX,2820000481,1,50819,5.71,6.45,1
3,2/23/20,MARLBORO SILVER MENTHOL KS BOX,2820000481,1,50819,11.42,12.4,2
3,2/26/20,MARLBORO SILVER MENTHOL KS BOX,2820000481,1,50819,5.71,6.55,1
3,2/26/20,MARLBORO SILVER MENTHOL KS BOX,2820000481,1,50819,11.42,12.6,2
3,3/1/20,MARLBORO SILVER MENTHOL KS BOX,2820000481,1,50819,5.71,6.55,1
3,3/1/20,MARLBORO SILVER MENTHOL KS BOX,2820000481,1,50819,11.42,12.6,2
3,3/10/20,MARLBORO SILVER MENTHOL KS BOX,2820000481,1,50819,5.71,6.55,1
3,3/10/20,MARLBORO SILVER MENTHOL KS BOX,2820000481,1,50819,11.42,12.6,2
3,4/4/20,MARLBORO SILVER MENTHOL KS BOX,2820000481,1,50819,5.71,6.55,1
3,3/30/20,MARLBORO SMOOTH 100 50 OFF,2820017832,1,50953,10.42,12.1,2
3,3/31/20,MARLBORO SMOOTH 100 50 OFF,2820017832,1,50953,10.42,12.1,2
3,4/4/20,MARLBORO SMOOTH 100 50 OFF,2820017832,1,50953,10.42,12.1,2
3,4/8/20,MARLBORO SMOOTH 100 50 OFF,2820017832,1,50953,10.42,12.1,2
3,4/16/20,MARLBORO SMOOTH 100 50 OFF,2820017832,1,50953,10.42,12.1,2
3,2/6/20,MARLBORO SMOOTH MEN 100 BOX,2820000303,1,50806,11.26,12.4,2
3,2/7/20,MARLBORO SMOOTH MEN 100 BOX,2820000303,1,50806,11.26,12.4,2
3,2/10/20,MARLBORO SMOOTH MEN 100 BOX,2820000303,1,50806,11.26,12.4,2
3,2/12/20,MARLBORO SMOOTH MEN 100 BOX,2820000303,1,50806,11.26,12.4,2
3,2/13/20,MARLBORO SMOOTH MEN 100 BOX,2820000303,1,50806,5.63,6.45,1
3,2/16/20,MARLBORO SMOOTH MEN 100 BOX,2820000303,1,50806,11.26,12.9,2
3,2/19/20,MARLBORO SMOOTH MEN 100 BOX,2820000303,1,50806,11.42,12.4,2
3,2/21/20,MARLBORO SMOOTH MEN 100 BOX,2820000303,1,50806,5.71,6.45,1
3,3/3/20,MARLBORO SMOOTH MEN 100 BOX,2820000303,1,50806,5.71,6.55,1
3,3/6/20,MARLBORO SMOOTH MEN 100 BOX,2820000303,1,50806,5.71,6.55,1
3,3/8/20,MARLBORO SMOOTH MEN 100 BOX,2820000303,1,50806,11.42,12.6,2
3,3/11/20,MARLBORO SMOOTH MEN 100 BOX,2820000303,1,50806,5.71,6.55,1
3,3/21/20,MARLBORO SMOOTH MEN 100 BOX,2820000303,1,50806,5.71,6.55,1
3,3/22/20,MARLBORO SMOOTH MEN 100 BOX,2820000303,1,50806,11.42,12.6,2
3,3/26/20,MARLBORO SMOOTH MEN 100 BOX,2820000303,1,50806,11.42,12.6,2
3,4/3/20,MARLBORO SMOOTH MEN 100 BOX,2820000303,1,50806,11.42,12.6,2
3,4/7/20,MARLBORO SMOOTH MEN 100 BOX,2820000303,1,50806,11.42,12.6,2
3,4/15/20,MARLBORO SMOOTH MEN 100 BOX,2820000303,1,50806,11.42,12.6,2
3,4/19/20,MARLBORO SMOOTH MEN 100 BOX,2820000303,1,50806,11.42,12.6,2
3,4/23/20,MARLBORO SMOOTH MEN 100 BOX,2820000303,1,50806,5.71,6.55,1
3,4/24/20,MARLBORO SMOOTH MEN 100 BOX,2820000303,1,50806,11.42,12.6,2
3,4/27/20,MARLBORO SMOOTH MEN 100 BOX,2820000303,1,50806,22.85,25.2,4
3,5/2/20,MARLBORO SMOOTH MEN 100 BOX,2820000303,1,50806,11.42,12.6,2
3,2/6/20,MARLBORO SMOOTH MENTHOL KS BOX,2820000323,1,50855,5.63,6.45,1
3,2/8/20,MARLBORO SMOOTH MENTHOL KS BOX,2820000323,1,50855,11.26,12.9,2
3,2/17/20,MARLBORO SMOOTH MENTHOL KS BOX,2820000323,1,50855,11.26,12.9,2
3,2/19/20,MARLBORO SMOOTH MENTHOL KS BOX,2820000323,1,50855,5.71,6.45,1
3,2/22/20,MARLBORO SMOOTH MENTHOL KS BOX,2820000323,1,50855,11.42,12.4,2
3,2/23/20,MARLBORO SMOOTH MENTHOL KS BOX,2820000323,1,50855,11.42,12.4,2
3,2/28/20,MARLBORO SMOOTH MENTHOL KS BOX,2820000323,1,50855,5.71,6.55,1
3,3/1/20,MARLBORO SMOOTH MENTHOL KS BOX,2820000323,1,50855,11.42,12.6,2
3,3/5/20,MARLBORO SMOOTH MENTHOL KS BOX,2820000323,1,50855,5.71,6.55,1
3,3/8/20,MARLBORO SMOOTH MENTHOL KS BOX,2820000323,1,50855,11.42,13.1,2
3,3/9/20,MARLBORO SMOOTH MENTHOL KS BOX,2820000323,1,50855,11.42,13.1,2
3,3/11/20,MARLBORO SMOOTH MENTHOL KS BOX,2820000323,1,50855,5.71,6.55,1
3,3/12/20,MARLBORO SMOOTH MENTHOL KS BOX,2820000323,1,50855,5.71,6.55,1
3,3/12/20,MARLBORO SMOOTH MENTHOL KS BOX,2820000323,1,50855,11.42,12.6,2
3,3/13/20,MARLBORO SMOOTH MENTHOL KS BOX,2820000323,1,50855,11.42,12.6,2
3,3/15/20,MARLBORO SMOOTH MENTHOL KS BOX,2820000323,1,50855,5.71,6.55,1
3,3/17/20,MARLBORO SMOOTH MENTHOL KS BOX,2820000323,1,50855,5.71,6.55,1
3,3/19/20,MARLBORO SMOOTH MENTHOL KS BOX,2820000323,1,50855,5.71,6.55,1
3,3/19/20,MARLBORO SMOOTH MENTHOL KS BOX,2820000323,1,50855,5.71,6.29,1
3,3/20/20,MARLBORO SMOOTH MENTHOL KS BOX,2820000323,1,50855,5.71,6.3,1
3,3/25/20,MARLBORO SMOOTH MENTHOL KS BOX,2820000323,1,50855,11.42,12.6,2
3,3/26/20,MARLBORO SMOOTH MENTHOL KS BOX,2820000323,1,50855,11.42,13.1,2
3,3/30/20,MARLBORO SMOOTH MENTHOL KS BOX,2820000323,1,50855,5.71,6.55,1
3,4/1/20,MARLBORO SMOOTH MENTHOL KS BOX,2820000323,1,50855,17.14,19.65,3
3,4/2/20,MARLBORO SMOOTH MENTHOL KS BOX,2820000323,1,50855,5.71,6.55,1
3,4/2/20,MARLBORO SMOOTH MENTHOL KS BOX,2820000323,1,50855,11.42,12.6,2
3,4/3/20,MARLBORO SMOOTH MENTHOL KS BOX,2820000323,1,50855,5.71,6.55,1
3,4/3/20,MARLBORO SMOOTH MENTHOL KS BOX,2820000323,1,50855,11.42,12.6,2
3,4/4/20,MARLBORO SMOOTH MENTHOL KS BOX,2820000323,1,50855,5.71,6.55,1
3,4/5/20,MARLBORO SMOOTH MENTHOL KS BOX,2820000323,1,50855,5.71,6.55,1
3,4/8/20,MARLBORO SMOOTH MENTHOL KS BOX,2820000323,1,50855,11.42,12.6,2
3,4/9/20,MARLBORO SMOOTH MENTHOL KS BOX,2820000323,1,50855,17.14,19.65,3
3,4/11/20,MARLBORO SMOOTH MENTHOL KS BOX,2820000323,1,50855,11.42,13.1,2
3,4/12/20,MARLBORO SMOOTH MENTHOL KS BOX,2820000323,1,50855,11.42,12.6,2
3,4/16/20,MARLBORO SMOOTH MENTHOL KS BOX,2820000323,1,50855,11.42,13.1,2
3,4/17/20,MARLBORO SMOOTH MENTHOL KS BOX,2820000323,1,50855,5.71,6.55,1
3,4/19/20,MARLBORO SMOOTH MENTHOL KS BOX,2820000323,1,50855,5.71,6.55,1
3,4/22/20,MARLBORO SMOOTH MENTHOL KS BOX,2820000323,1,50855,5.71,6.55,1
3,4/23/20,MARLBORO SMOOTH MENTHOL KS BOX,2820000323,1,50855,11.42,12.6,2
3,4/25/20,MARLBORO SMOOTH MENTHOL KS BOX,2820000323,1,50855,5.71,6.55,1
3,4/30/20,MARLBORO SMOOTH MENTHOL KS BOX,2820000323,1,50855,5.71,6.55,1
3,5/3/20,MARLBORO SMOOTH MENTHOL KS BOX,2820000323,1,50855,5.71,6.55,1
3,2/23/20,MARLBORO SP BL GLD 100 BX 50 OFF,2820017482,1,50939,10.42,11.1,2
3,2/24/20,MARLBORO SP BL GLD 100 BX 50 OFF,2820017482,1,50939,5.21,5.55,1
3,2/27/20,MARLBORO SP BL GLD 100 BX 50 OFF,2820017482,1,50939,5.21,5.65,1
3,3/3/20,MARLBORO SP BL GLD 100 BX 50 OFF,2820017482,1,50939,5.21,5.65,1
3,3/4/20,MARLBORO SP BL GLD 100 BX 50 OFF,2820017482,1,50939,5.21,5.65,1
3,3/7/20,MARLBORO SP BL GLD 100 BX 50 OFF,2820017482,1,50939,5.21,5.65,1
3,3/9/20,MARLBORO SP BL GLD 100 BX 50 OFF,2820017482,1,50939,10.42,11.3,2
3,3/14/20,MARLBORO SP BL GLD 100 BX 50 OFF,2820017482,1,50939,10.42,11.3,2
3,3/19/20,MARLBORO SP BL GLD 100 BX 50 OFF,2820017482,1,50939,10.42,11.3,2
3,4/24/20,MARLBORO SP BL GLD 100 BX 50 OFF,2820017482,1,50939,5.21,5.65,1
3,4/25/20,MARLBORO SP BL GLD 100 BX 50 OFF,2820017482,1,50939,5.21,5.65,1
3,2/8/20,MARLBORO SP BLD BLACK 100 BX,2820000953,1,50882,5.63,6.05,1
3,2/9/20,MARLBORO SP BLD BLACK 100 BX,2820000953,1,50882,5.63,6.05,1
3,2/11/20,MARLBORO SP BLD BLACK 100 BX,2820000953,1,50882,5.63,6.05,1
3,2/12/20,MARLBORO SP BLD BLACK 100 BX,2820000953,1,50882,5.63,6.05,1
3,2/14/20,MARLBORO SP BLD BLACK 100 BX,2820000953,1,50882,5.63,6.05,1
3,2/16/20,MARLBORO SP BLD BLACK 100 BX,2820000953,1,50882,5.63,6.05,1
3,2/16/20,MARLBORO SP BLD BLACK 100 BX,2820000953,1,50882,11.26,11.6,2
3,3/4/20,MARLBORO SP BLD BLACK 100 BX,2820000953,1,50882,11.42,12.3,2
3,3/8/20,MARLBORO SP BLD BLACK 100 BX,2820000953,1,50882,11.42,12.3,2
3,3/9/20,MARLBORO SP BLD BLACK 100 BX,2820000953,1,50882,5.71,6.15,1
3,3/10/20,MARLBORO SP BLD BLACK 100 BX,2820000953,1,50882,5.71,6.15,1
3,3/17/20,MARLBORO SP BLD BLACK 100 BX,2820000953,1,50882,5.71,6.15,1
3,3/19/20,MARLBORO SP BLD BLACK 100 BX,2820000953,1,50882,5.71,6.15,1
3,3/20/20,MARLBORO SP BLD BLACK 100 BX,2820000953,1,50882,5.71,6.15,1
3,3/22/20,MARLBORO SP BLD BLACK 100 BX,2820000953,1,50882,5.71,6.15,1
3,3/24/20,MARLBORO SP BLD BLACK 100 BX,2820000953,1,50882,5.71,6.15,1
3,3/29/20,MARLBORO SP BLD BLACK 100 BX,2820000953,1,50882,5.71,6.15,1
3,4/17/20,MARLBORO SP BLD BLACK 100 BX,2820000953,1,50882,5.71,5.45,1
3,4/20/20,MARLBORO SP BLD BLACK 100 BX,2820000953,1,50882,5.71,5.45,1
3,4/24/20,MARLBORO SP BLD BLACK 100 BX,2820000953,1,50882,5.71,5.45,1
3,4/25/20,MARLBORO SP BLD BLACK 100 BX,2820000953,1,50882,5.71,5.45,1
3,4/27/20,MARLBORO SP BLD BLACK 100 BX,2820000953,1,50882,5.71,5.45,1
3,5/1/20,MARLBORO SP BLD BLACK 100 BX,2820000953,1,50882,5.71,5.45,1
3,2/10/20,MARLBORO SP BLD BLACK KS BX,2820000952,1,50820,5.63,6.05,1
3,2/10/20,MARLBORO SP BLD BLACK KS BX,2820000952,1,50820,11.26,11.6,2
3,2/13/20,MARLBORO SP BLD BLACK KS BX,2820000952,1,50820,5.63,6.05,1
3,2/13/20,MARLBORO SP BLD BLACK KS BX,2820000952,1,50820,11.26,11.6,2
3,2/14/20,MARLBORO SP BLD BLACK KS BX,2820000952,1,50820,5.63,6.05,1
3,2/14/20,MARLBORO SP BLD BLACK KS BX,2820000952,1,50820,11.26,11.6,2
3,2/15/20,MARLBORO SP BLD BLACK KS BX,2820000952,1,50820,5.63,6.05,1
3,2/16/20,MARLBORO SP BLD BLACK KS BX,2820000952,1,50820,5.63,6.05,1
3,2/27/20,MARLBORO SP BLD BLACK KS BX,2820000952,1,50820,11.42,12.3,2
3,2/27/20,MARLBORO SP BLD BLACK KS BX,2820000952,1,50820,11.42,11.8,2
3,3/1/20,MARLBORO SP BLD BLACK KS BX,2820000952,1,50820,11.42,12.3,2
3,3/2/20,MARLBORO SP BLD BLACK KS BX,2820000952,1,50820,22.85,23.6,4
3,3/5/20,MARLBORO SP BLD BLACK KS BX,2820000952,1,50820,11.42,12.3,2
3,3/5/20,MARLBORO SP BLD BLACK KS BX,2820000952,1,50820,11.42,11.8,2
3,3/7/20,MARLBORO SP BLD BLACK KS BX,2820000952,1,50820,17.14,18.45,3
3,3/7/20,MARLBORO SP BLD BLACK KS BX,2820000952,1,50820,11.42,11.8,2
3,3/9/20,MARLBORO SP BLD BLACK KS BX,2820000952,1,50820,11.42,11.8,2
3,3/11/20,MARLBORO SP BLD BLACK KS BX,2820000952,1,50820,11.42,12.3,2
3,3/11/20,MARLBORO SP BLD BLACK KS BX,2820000952,1,50820,11.42,11.8,2
3,3/12/20,MARLBORO SP BLD BLACK KS BX,2820000952,1,50820,11.42,11.8,2
3,3/14/20,MARLBORO SP BLD BLACK KS BX,2820000952,1,50820,5.71,6.15,1
3,3/14/20,MARLBORO SP BLD BLACK KS BX,2820000952,1,50820,22.85,23.6,4
3,3/16/20,MARLBORO SP BLD BLACK KS BX,2820000952,1,50820,5.71,6.15,1
3,3/16/20,MARLBORO SP BLD BLACK KS BX,2820000952,1,50820,11.42,11.8,2
3,3/18/20,MARLBORO SP BLD BLACK KS BX,2820000952,1,50820,17.14,18.45,3
3,3/18/20,MARLBORO SP BLD BLACK KS BX,2820000952,1,50820,11.42,11.8,2
3,3/20/20,MARLBORO SP BLD BLACK KS BX,2820000952,1,50820,22.85,23.6,4
3,3/22/20,MARLBORO SP BLD BLACK KS BX,2820000952,1,50820,5.71,6.15,1
3,3/23/20,MARLBORO SP BLD BLACK KS BX,2820000952,1,50820,11.42,12.3,2
3,3/23/20,MARLBORO SP BLD BLACK KS BX,2820000952,1,50820,11.42,11.8,2
3,3/25/20,MARLBORO SP BLD BLACK KS BX,2820000952,1,50820,5.71,6.15,1
3,3/25/20,MARLBORO SP BLD BLACK KS BX,2820000952,1,50820,11.42,11.8,2
3,3/26/20,MARLBORO SP BLD BLACK KS BX,2820000952,1,50820,11.42,12.3,2
3,3/26/20,MARLBORO SP BLD BLACK KS BX,2820000952,1,50820,11.42,11.8,2
3,3/28/20,MARLBORO SP BLD BLACK KS BX,2820000952,1,50820,5.71,6.15,1
3,3/28/20,MARLBORO SP BLD BLACK KS BX,2820000952,1,50820,11.42,11.8,2
3,4/4/20,MARLBORO SP BLD BLACK KS BX,2820000952,1,50820,11.42,11.8,2
3,4/6/20,MARLBORO SP BLD BLACK KS BX,2820000952,1,50820,11.42,10.9,2
3,4/6/20,MARLBORO SP BLD BLACK KS BX,2820000952,1,50820,11.42,10.4,2
3,4/8/20,MARLBORO SP BLD BLACK KS BX,2820000952,1,50820,5.71,5.45,1
3,4/8/20,MARLBORO SP BLD BLACK KS BX,2820000952,1,50820,22.85,20.8,4
3,4/10/20,MARLBORO SP BLD BLACK KS BX,2820000952,1,50820,11.42,10.4,2
3,4/11/20,MARLBORO SP BLD BLACK KS BX,2820000952,1,50820,22.85,20.8,4
3,4/12/20,MARLBORO SP BLD BLACK KS BX,2820000952,1,50820,5.71,5.45,1
3,4/13/20,MARLBORO SP BLD BLACK KS BX,2820000952,1,50820,5.71,5.45,1
3,4/13/20,MARLBORO SP BLD BLACK KS BX,2820000952,1,50820,11.42,10.4,2
3,4/14/20,MARLBORO SP BLD BLACK KS BX,2820000952,1,50820,11.42,10.4,2
3,4/15/20,MARLBORO SP BLD BLACK KS BX,2820000952,1,50820,34.27,31.2,6
3,4/17/20,MARLBORO SP BLD BLACK KS BX,2820000952,1,50820,11.42,10.9,2
3,4/17/20,MARLBORO SP BLD BLACK KS BX,2820000952,1,50820,11.42,10.4,2
3,4/19/20,MARLBORO SP BLD BLACK KS BX,2820000952,1,50820,5.71,5.45,1
3,4/20/20,MARLBORO SP BLD BLACK KS BX,2820000952,1,50820,5.71,5.45,1
3,4/20/20,MARLBORO SP BLD BLACK KS BX,2820000952,1,50820,34.27,31.2,6
3,4/21/20,MARLBORO SP BLD BLACK KS BX,2820000952,1,50820,5.71,5.45,1
3,4/22/20,MARLBORO SP BLD BLACK KS BX,2820000952,1,50820,11.42,10.9,2
3,4/22/20,MARLBORO SP BLD BLACK KS BX,2820000952,1,50820,11.42,10.4,2
3,4/24/20,MARLBORO SP BLD BLACK KS BX,2820000952,1,50820,22.85,20.8,4
3,4/25/20,MARLBORO SP BLD BLACK KS BX,2820000952,1,50820,5.71,5.45,1
3,4/26/20,MARLBORO SP BLD BLACK KS BX,2820000952,1,50820,11.42,10.4,2
3,4/27/20,MARLBORO SP BLD BLACK KS BX,2820000952,1,50820,5.71,5.45,1
3,4/27/20,MARLBORO SP BLD BLACK KS BX,2820000952,1,50820,11.42,10.4,2
3,4/29/20,MARLBORO SP BLD BLACK KS BX,2820000952,1,50820,11.42,10.9,2
3,5/1/20,MARLBORO SP BLD BLACK KS BX,2820000952,1,50820,5.71,5.45,1
3,5/1/20,MARLBORO SP BLD BLACK KS BX,2820000952,1,50820,11.42,10.4,2
3,5/3/20,MARLBORO SP BLD BLACK KS BX,2820000952,1,50820,11.42,10.4,2
3,2/17/20,MARLBORO SP BLD BLK 100 BX  50 OFF,2820017477,1,50919,5.13,5.35,1
3,2/22/20,MARLBORO SP BLD BLK 100 BX  50 OFF,2820017477,1,50919,5.21,5.35,1
3,2/24/20,MARLBORO SP BLD BLK 100 BX  50 OFF,2820017477,1,50919,5.21,5.35,1
3,2/28/20,MARLBORO SP BLD BLK 100 BX  50 OFF,2820017477,1,50919,5.21,5.45,1
3,2/29/20,MARLBORO SP BLD BLK 100 BX  50 OFF,2820017477,1,50919,10.42,10.9,2
3,3/1/20,MARLBORO SP BLD BLK 100 BX  50 OFF,2820017477,1,50919,5.21,5.45,1
3,3/2/20,MARLBORO SP BLD BLK 100 BX  50 OFF,2820017477,1,50919,5.21,5.45,1
3,3/3/20,MARLBORO SP BLD BLK 100 BX  50 OFF,2820017477,1,50919,5.21,5.45,1
3,2/5/20,MARLBORO SP BLD GLD KING BX 50 OFF,2820017481,1,50933,5.13,5.55,1
3,2/6/20,MARLBORO SP BLD GLD KING BX 50 OFF,2820017481,1,50933,15.38,16.65,3
3,2/7/20,MARLBORO SP BLD GLD KING BX 50 OFF,2820017481,1,50933,10.26,11.1,2
3,2/8/20,MARLBORO SP BLD GLD KING BX 50 OFF,2820017481,1,50933,15.38,16.65,3
3,2/10/20,MARLBORO SP BLD GLD KING BX 50 OFF,2820017481,1,50933,5.13,5.55,1
3,2/12/20,MARLBORO SP BLD GLD KING BX 50 OFF,2820017481,1,50933,10.26,11.1,2
3,2/13/20,MARLBORO SP BLD GLD KING BX 50 OFF,2820017481,1,50933,15.38,16.65,3
3,2/18/20,MARLBORO SP BLD GLD KING BX 50 OFF,2820017481,1,50933,5.21,5.55,1
3,2/19/20,MARLBORO SP BLD GLD KING BX 50 OFF,2820017481,1,50933,5.21,5.55,1
3,2/21/20,MARLBORO SP BLD GLD KING BX 50 OFF,2820017481,1,50933,5.21,5.55,1
3,2/22/20,MARLBORO SP BLD GLD KING BX 50 OFF,2820017481,1,50933,15.64,16.65,3
3,2/23/20,MARLBORO SP BLD GLD KING BX 50 OFF,2820017481,1,50933,20.85,22.2,4
3,2/24/20,MARLBORO SP BLD GLD KING BX 50 OFF,2820017481,1,50933,5.21,5.65,1
3,2/26/20,MARLBORO SP BLD GLD KING BX 50 OFF,2820017481,1,50933,5.21,5.65,1
3,2/28/20,MARLBORO SP BLD GLD KING BX 50 OFF,2820017481,1,50933,5.21,5.65,1
3,2/29/20,MARLBORO SP BLD GLD KING BX 50 OFF,2820017481,1,50933,20.85,22.6,4
3,3/1/20,MARLBORO SP BLD GLD KING BX 50 OFF,2820017481,1,50933,26.06,28.25,5
3,3/2/20,MARLBORO SP BLD GLD KING BX 50 OFF,2820017481,1,50933,20.85,22.6,4
3,3/3/20,MARLBORO SP BLD GLD KING BX 50 OFF,2820017481,1,50933,5.21,5.65,1
3,3/5/20,MARLBORO SP BLD GLD KING BX 50 OFF,2820017481,1,50933,10.42,11.3,2
3,3/6/20,MARLBORO SP BLD GLD KING BX 50 OFF,2820017481,1,50933,15.64,16.95,3
3,3/7/20,MARLBORO SP BLD GLD KING BX 50 OFF,2820017481,1,50933,5.21,5.65,1
3,3/8/20,MARLBORO SP BLD GLD KING BX 50 OFF,2820017481,1,50933,26.06,28.25,5
3,3/9/20,MARLBORO SP BLD GLD KING BX 50 OFF,2820017481,1,50933,10.42,11.3,2
3,3/1/20,MARLBORO SP BLD GOLD 100 BX,2820000423,1,50901,5.71,6.15,1
3,3/2/20,MARLBORO SP BLD GOLD 100 BX,2820000423,1,50901,5.71,6.15,1
3,3/18/20,MARLBORO SP BLD GOLD 100 BX,2820000423,1,50901,11.42,11.8,2
3,4/10/20,MARLBORO SP BLD GOLD 100 BX,2820000423,1,50901,5.71,6.15,1
3,4/13/20,MARLBORO SP BLD GOLD 100 BX,2820000423,1,50901,5.71,6.15,1
3,4/25/20,MARLBORO SP BLD GOLD 100 BX,2820000423,1,50901,5.71,6.15,1
3,4/30/20,MARLBORO SP BLD GOLD 100 BX,2820000423,1,50901,11.42,11.8,2
3,5/1/20,MARLBORO SP BLD GOLD 100 BX,2820000423,1,50901,11.42,11.8,2
3,5/3/20,MARLBORO SP BLD GOLD 100 BX,2820000423,1,50901,11.42,11.8,2
3,2/13/20,MARLBORO SP BLD GOLD KS BX,2820000422,1,50827,11.26,12.1,2
3,2/14/20,MARLBORO SP BLD GOLD KS BX,2820000422,1,50827,5.63,6.05,1
3,2/15/20,MARLBORO SP BLD GOLD KS BX,2820000422,1,50827,5.63,6.05,1
3,2/15/20,MARLBORO SP BLD GOLD KS BX,2820000422,1,50827,11.26,11.6,2
3,2/24/20,MARLBORO SP BLD GOLD KS BX,2820000422,1,50827,11.42,11.6,2
3,3/9/20,MARLBORO SP BLD GOLD KS BX,2820000422,1,50827,11.42,12.3,2
3,3/10/20,MARLBORO SP BLD GOLD KS BX,2820000422,1,50827,11.42,11.8,2
3,3/16/20,MARLBORO SP BLD GOLD KS BX,2820000422,1,50827,22.85,23.6,4
3,3/19/20,MARLBORO SP BLD GOLD KS BX,2820000422,1,50827,5.71,6.15,1
3,3/20/20,MARLBORO SP BLD GOLD KS BX,2820000422,1,50827,5.71,6.15,1
3,3/20/20,MARLBORO SP BLD GOLD KS BX,2820000422,1,50827,11.42,11.8,2
3,3/21/20,MARLBORO SP BLD GOLD KS BX,2820000422,1,50827,5.71,6.15,1
3,3/22/20,MARLBORO SP BLD GOLD KS BX,2820000422,1,50827,5.71,6.15,1
3,3/22/20,MARLBORO SP BLD GOLD KS BX,2820000422,1,50827,11.42,11.8,2
3,3/23/20,MARLBORO SP BLD GOLD KS BX,2820000422,1,50827,5.71,5.9,1
3,3/25/20,MARLBORO SP BLD GOLD KS BX,2820000422,1,50827,5.71,6.15,1
3,3/25/20,MARLBORO SP BLD GOLD KS BX,2820000422,1,50827,11.42,11.8,2
3,3/26/20,MARLBORO SP BLD GOLD KS BX,2820000422,1,50827,11.42,12.3,2
3,3/27/20,MARLBORO SP BLD GOLD KS BX,2820000422,1,50827,11.42,11.8,2
3,3/28/20,MARLBORO SP BLD GOLD KS BX,2820000422,1,50827,5.71,6.15,1
3,3/31/20,MARLBORO SP BLD GOLD KS BX,2820000422,1,50827,5.71,6.15,1
3,3/31/20,MARLBORO SP BLD GOLD KS BX,2820000422,1,50827,11.42,11.8,2
3,4/1/20,MARLBORO SP BLD GOLD KS BX,2820000422,1,50827,5.71,6.15,1
3,4/1/20,MARLBORO SP BLD GOLD KS BX,2820000422,1,50827,11.42,11.8,2
3,4/2/20,MARLBORO SP BLD GOLD KS BX,2820000422,1,50827,11.42,11.8,2
3,4/3/20,MARLBORO SP BLD GOLD KS BX,2820000422,1,50827,5.71,6.15,1
3,4/3/20,MARLBORO SP BLD GOLD KS BX,2820000422,1,50827,11.42,11.8,2
3,4/5/20,MARLBORO SP BLD GOLD KS BX,2820000422,1,50827,11.42,11.8,2
3,4/6/20,MARLBORO SP BLD GOLD KS BX,2820000422,1,50827,11.42,11.8,2
3,4/8/20,MARLBORO SP BLD GOLD KS BX,2820000422,1,50827,11.42,12.3,2
3,4/10/20,MARLBORO SP BLD GOLD KS BX,2820000422,1,50827,5.71,6.15,1
3,4/11/20,MARLBORO SP BLD GOLD KS BX,2820000422,1,50827,11.42,12.3,2
3,4/11/20,MARLBORO SP BLD GOLD KS BX,2820000422,1,50827,11.42,11.8,2
3,4/12/20,MARLBORO SP BLD GOLD KS BX,2820000422,1,50827,11.42,12.3,2
3,4/12/20,MARLBORO SP BLD GOLD KS BX,2820000422,1,50827,11.42,11.8,2
3,4/13/20,MARLBORO SP BLD GOLD KS BX,2820000422,1,50827,5.71,6.15,1
3,4/13/20,MARLBORO SP BLD GOLD KS BX,2820000422,1,50827,11.42,11.8,2
3,4/15/20,MARLBORO SP BLD GOLD KS BX,2820000422,1,50827,5.71,6.15,1
3,4/15/20,MARLBORO SP BLD GOLD KS BX,2820000422,1,50827,11.42,11.8,2
3,4/17/20,MARLBORO SP BLD GOLD KS BX,2820000422,1,50827,5.71,6.15,1
3,4/17/20,MARLBORO SP BLD GOLD KS BX,2820000422,1,50827,11.42,11.8,2
3,4/18/20,MARLBORO SP BLD GOLD KS BX,2820000422,1,50827,11.42,11.8,2
3,4/19/20,MARLBORO SP BLD GOLD KS BX,2820000422,1,50827,11.42,11.8,2
3,4/20/20,MARLBORO SP BLD GOLD KS BX,2820000422,1,50827,11.42,11.8,2
3,4/22/20,MARLBORO SP BLD GOLD KS BX,2820000422,1,50827,11.42,11.8,2
3,4/25/20,MARLBORO SP BLD GOLD KS BX,2820000422,1,50827,5.71,6.15,1
3,4/26/20,MARLBORO SP BLD GOLD KS BX,2820000422,1,50827,5.71,6.15,1
3,4/26/20,MARLBORO SP BLD GOLD KS BX,2820000422,1,50827,22.85,23.6,4
3,4/29/20,MARLBORO SP BLD GOLD KS BX,2820000422,1,50827,5.71,6.15,1
3,4/29/20,MARLBORO SP BLD GOLD KS BX,2820000422,1,50827,11.42,11.8,2
3,4/30/20,MARLBORO SP BLD GOLD KS BX,2820000422,1,50827,11.42,12.3,2
3,5/2/20,MARLBORO SP BLD GOLD KS BX,2820000422,1,50827,5.71,6.15,1
3,5/2/20,MARLBORO SP BLD GOLD KS BX,2820000422,1,50827,11.42,11.8,2
3,5/3/20,MARLBORO SP BLD GOLD KS BX,2820000422,1,50827,5.71,6.15,1
3,2/12/20,MARLBORO SP BLD MEN BLACK 100 BX,2820019640,10,50896,56.28,57.79,1
3,2/13/20,MARLBORO SP BLD MEN BLACK 100 BX,2820000964,1,50896,5.63,6.15,1
3,3/5/20,MARLBORO SP BLD MEN BLACK 100 BX,2820000964,1,50896,5.71,6.25,1
3,3/12/20,MARLBORO SP BLD MEN BLACK 100 BX,2820000964,1,50896,11.42,12.5,2
3,3/13/20,MARLBORO SP BLD MEN BLACK 100 BX,2820000964,1,50896,5.71,6.25,1
3,3/13/20,MARLBORO SP BLD MEN BLACK 100 BX,2820000964,1,50896,22.85,24,4
3,3/15/20,MARLBORO SP BLD MEN BLACK 100 BX,2820000964,1,50896,5.71,6.25,1
3,3/16/20,MARLBORO SP BLD MEN BLACK 100 BX,2820000964,1,50896,5.71,6.25,1
3,3/17/20,MARLBORO SP BLD MEN BLACK 100 BX,2820000964,1,50896,11.42,12,2
3,3/19/20,MARLBORO SP BLD MEN BLACK 100 BX,2820000964,1,50896,5.71,6.01,1
3,3/20/20,MARLBORO SP BLD MEN BLACK 100 BX,2820000964,1,50896,5.71,6.25,1
3,3/20/20,MARLBORO SP BLD MEN BLACK 100 BX,2820000964,1,50896,11.42,12,2
3,3/22/20,MARLBORO SP BLD MEN BLACK 100 BX,2820000964,1,50896,5.71,6.25,1
3,3/23/20,MARLBORO SP BLD MEN BLACK 100 BX,2820000964,1,50896,5.71,6,1
3,3/25/20,MARLBORO SP BLD MEN BLACK 100 BX,2820000964,1,50896,11.42,12,2
3,3/27/20,MARLBORO SP BLD MEN BLACK 100 BX,2820000964,1,50896,11.42,12,2
3,3/31/20,MARLBORO SP BLD MEN BLACK 100 BX,2820000964,1,50896,5.71,6.25,1
3,4/2/20,MARLBORO SP BLD MEN BLACK 100 BX,2820000964,1,50896,11.42,12,2
3,4/3/20,MARLBORO SP BLD MEN BLACK 100 BX,2820000964,1,50896,5.71,6.25,1
3,4/3/20,MARLBORO SP BLD MEN BLACK 100 BX,2820000964,1,50896,11.42,12,2
3,4/5/20,MARLBORO SP BLD MEN BLACK 100 BX,2820000964,1,50896,5.71,5.45,1
3,4/9/20,MARLBORO SP BLD MEN BLACK 100 BX,2820000964,1,50896,11.42,10.4,2
3,4/11/20,MARLBORO SP BLD MEN BLACK 100 BX,2820000964,1,50896,5.71,5.45,1
3,4/21/20,MARLBORO SP BLD MEN BLACK 100 BX,2820000964,1,50896,5.71,5.45,1
3,4/21/20,MARLBORO SP BLD MEN BLACK 100 BX,2820000964,1,50896,11.42,10.4,2
3,4/23/20,MARLBORO SP BLD MEN BLACK 100 BX,2820000964,1,50896,11.42,10.4,2
3,4/24/20,MARLBORO SP BLD MEN BLACK 100 BX,2820000964,1,50896,11.42,10.4,2
3,4/26/20,MARLBORO SP BLD MEN BLACK 100 BX,2820000964,1,50896,5.71,5.45,1
3,4/29/20,MARLBORO SP BLD MEN BLACK 100 BX,2820000964,1,50896,5.71,5.45,1
3,4/30/20,MARLBORO SP BLD MEN BLACK 100 BX,2820000964,1,50896,22.85,20.8,4
3,5/1/20,MARLBORO SP BLD MEN BLACK 100 BX,2820000964,1,50896,5.71,5.45,1
3,5/1/20,MARLBORO SP BLD MEN BLACK 100 BX,2820000964,1,50896,11.42,10.4,2
3,5/3/20,MARLBORO SP BLD MEN BLACK 100 BX,2820000964,1,50896,11.42,10.9,2
3,5/3/20,MARLBORO SP BLD MEN BLACK 100 BX,2820000964,1,50896,22.85,20.8,4
3,2/13/20,MARLBORO SP BLD MEN BLACK BX,2820000954,1,50844,5.63,6.15,1
3,2/14/20,MARLBORO SP BLD MEN BLACK BX,2820000954,1,50844,5.63,6.15,1
3,2/17/20,MARLBORO SP BLD MEN BLACK BX,2820000954,1,50844,5.63,6.15,1
3,3/2/20,MARLBORO SP BLD MEN BLACK BX,2820000954,1,50844,11.42,12.5,2
3,3/6/20,MARLBORO SP BLD MEN BLACK BX,2820000954,1,50844,5.71,6.25,1
3,3/7/20,MARLBORO SP BLD MEN BLACK BX,2820000954,1,50844,5.71,6.25,1
3,3/10/20,MARLBORO SP BLD MEN BLACK BX,2820000954,1,50844,11.42,12.5,2
3,3/12/20,MARLBORO SP BLD MEN BLACK BX,2820000954,1,50844,5.71,6.25,1
3,3/14/20,MARLBORO SP BLD MEN BLACK BX,2820000954,1,50844,11.42,12.5,2
3,3/15/20,MARLBORO SP BLD MEN BLACK BX,2820000954,1,50844,11.42,12,2
3,3/17/20,MARLBORO SP BLD MEN BLACK BX,2820000954,1,50844,11.42,12.5,2
3,3/17/20,MARLBORO SP BLD MEN BLACK BX,2820000954,1,50844,11.42,12,2
3,3/18/20,MARLBORO SP BLD MEN BLACK BX,2820000954,1,50844,5.71,6.25,1
3,3/19/20,MARLBORO SP BLD MEN BLACK BX,2820000954,1,50844,5.71,6.25,1
3,3/20/20,MARLBORO SP BLD MEN BLACK BX,2820000954,1,50844,11.42,12,2
3,3/21/20,MARLBORO SP BLD MEN BLACK BX,2820000954,1,50844,11.42,12.5,2
3,3/22/20,MARLBORO SP BLD MEN BLACK BX,2820000954,1,50844,5.71,6.25,1
3,3/24/20,MARLBORO SP BLD MEN BLACK BX,2820000954,1,50844,11.42,12,2
3,3/25/20,MARLBORO SP BLD MEN BLACK BX,2820000954,1,50844,11.42,12.5,2
3,3/28/20,MARLBORO SP BLD MEN BLACK BX,2820000954,1,50844,5.71,6.25,1
3,3/29/20,MARLBORO SP BLD MEN BLACK BX,2820000954,1,50844,5.71,6.25,1
3,3/29/20,MARLBORO SP BLD MEN BLACK BX,2820000954,1,50844,11.42,12,2
3,3/31/20,MARLBORO SP BLD MEN BLACK BX,2820000954,1,50844,22.85,24,4
3,4/1/20,MARLBORO SP BLD MEN BLACK BX,2820000954,1,50844,5.71,6.25,1
3,4/2/20,MARLBORO SP BLD MEN BLACK BX,2820000954,1,50844,5.71,6.25,1
3,4/3/20,MARLBORO SP BLD MEN BLACK BX,2820000954,1,50844,5.71,6.25,1
3,4/4/20,MARLBORO SP BLD MEN BLACK BX,2820000954,1,50844,5.71,5.45,1
3,4/5/20,MARLBORO SP BLD MEN BLACK BX,2820000954,1,50844,11.42,10.4,2
3,4/6/20,MARLBORO SP BLD MEN BLACK BX,2820000954,1,50844,5.71,5.45,1
3,4/7/20,MARLBORO SP BLD MEN BLACK BX,2820000954,1,50844,5.71,5.45,1
3,4/8/20,MARLBORO SP BLD MEN BLACK BX,2820000954,1,50844,5.71,5.45,1
3,4/10/20,MARLBORO SP BLD MEN BLACK BX,2820000954,1,50844,5.71,5.45,1
3,4/11/20,MARLBORO SP BLD MEN BLACK BX,2820000954,1,50844,11.42,10.4,2
3,4/12/20,MARLBORO SP BLD MEN BLACK BX,2820000954,1,50844,5.71,5.45,1
3,4/19/20,MARLBORO SP BLD MEN BLACK BX,2820000954,1,50844,5.71,5.45,1
3,4/20/20,MARLBORO SP BLD MEN BLACK BX,2820000954,1,50844,11.42,10.4,2
3,4/22/20,MARLBORO SP BLD MEN BLACK BX,2820000954,1,50844,5.71,5.45,1
3,4/24/20,MARLBORO SP BLD MEN BLACK BX,2820000954,1,50844,11.42,10.9,2
3,4/25/20,MARLBORO SP BLD MEN BLACK BX,2820000954,1,50844,11.42,10.9,2
3,4/26/20,MARLBORO SP BLD MEN BLACK BX,2820000954,1,50844,5.71,5.45,1
3,4/26/20,MARLBORO SP BLD MEN BLACK BX,2820000954,1,50844,11.42,10.4,2
3,4/27/20,MARLBORO SP BLD MEN BLACK BX,2820000954,1,50844,11.42,10.9,2
3,4/30/20,MARLBORO SP BLD MEN BLACK BX,2820000954,1,50844,11.42,10.4,2
3,5/1/20,MARLBORO SP BLD MEN BLACK BX,2820000954,1,50844,5.71,5.45,1
3,2/24/20,MARLBORO SP BLD RED 100 BX,2820000568,1,50869,5.71,6.15,1
3,2/26/20,MARLBORO SP BLD RED 100 BX,2820000568,1,50869,5.71,6.15,1
3,2/29/20,MARLBORO SP BLD RED 100 BX,2820000568,1,50869,5.71,6.15,1
3,3/2/20,MARLBORO SP BLD RED 100 BX,2820000568,1,50869,5.71,6.15,1
3,3/3/20,MARLBORO SP BLD RED 100 BX,2820000568,1,50869,5.71,6.15,1
3,3/12/20,MARLBORO SP BLD RED 100 BX,2820000568,1,50869,5.71,6.15,1
3,3/14/20,MARLBORO SP BLD RED 100 BX,2820000568,1,50869,11.42,11.8,2
3,3/20/20,MARLBORO SP BLD RED 100 BX,2820000568,1,50869,5.71,6.15,1
3,3/23/20,MARLBORO SP BLD RED 100 BX,2820000568,1,50869,5.71,6.15,1
3,3/25/20,MARLBORO SP BLD RED 100 BX,2820000568,1,50869,5.71,6.15,1
3,3/26/20,MARLBORO SP BLD RED 100 BX,2820000568,1,50869,5.71,6.15,1
3,3/27/20,MARLBORO SP BLD RED 100 BX,2820000568,1,50869,17.14,18.45,3
3,4/16/20,MARLBORO SP BLD RED 100 BX,2820000568,1,50869,11.42,12.3,2
3,5/1/20,MARLBORO SP BLD RED 100 BX,2820000568,1,50869,11.42,11.8,2
3,2/20/20,MARLBORO SP BLD RED 100 BX 50 OFF,2820017489,1,50932,5.21,5.55,1
3,2/23/20,MARLBORO SP BLD RED 100 BX 50 OFF,2820017489,1,50932,10.42,11.1,2
3,4/1/20,MARLBORO SP BLD RED 100 BX 50 OFF,2820017489,1,50932,20.85,22.6,4
3,4/5/20,MARLBORO SP BLD RED 100 BX 50 OFF,2820017489,1,50932,15.64,16.95,3
3,4/7/20,MARLBORO SP BLD RED 100 BX 50 OFF,2820017489,1,50932,10.42,11.3,2
3,4/11/20,MARLBORO SP BLD RED 100 BX 50 OFF,2820017489,1,50932,5.21,5.65,1
3,2/27/20,MARLBORO SP BLD RED KING BX 50 OFF,2820017488,1,50931,5.21,5.65,1
3,3/9/20,MARLBORO SP BLD RED KING BX 50 OFF,2820017488,1,50931,5.21,5.65,1
3,3/13/20,MARLBORO SP BLD RED KING BX 50 OFF,2820017488,1,50931,10.42,11.3,2
3,3/31/20,MARLBORO SP BLD RED KING BX 50 OFF,2820017488,1,50931,5.21,5.65,1
3,4/3/20,MARLBORO SP BLD RED KING BX 50 OFF,2820017488,1,50931,5.21,5.65,1
3,4/16/20,MARLBORO SP BLD RED KING BX 50 OFF,2820017488,1,50931,5.21,5.65,1
3,4/18/20,MARLBORO SP BLD RED KING BX 50 OFF,2820017488,1,50931,5.21,5.65,1
3,5/1/20,MARLBORO SP BLD RED KING BX 50 OFF,2820017488,1,50931,5.21,5.65,1
3,3/19/20,MAVERICK GOLD BOX 100S,2610000155,1,51048,4.09,5.21,1
3,3/28/20,MAVERICK GOLD BOX 100S,2610000155,1,51048,8.18,10.42,2
3,2/5/20,MAVERICK MEN 100 BX,9050000051,1,50752,8.94,10.22,2
3,2/6/20,MAVERICK MEN 100 BX,9050000051,1,50752,17.88,20.44,4
3,2/7/20,MAVERICK MEN 100 BX,9050000051,1,50752,26.83,30.66,6
3,2/8/20,MAVERICK MEN 100 BX,9050000051,1,50752,8.94,10.22,2
3,2/9/20,MAVERICK MEN 100 BX,9050000051,1,50752,13.41,15.33,3
3,2/10/20,MAVERICK MEN 100 BX,9050000051,1,50752,4.47,5.11,1
3,2/11/20,MAVERICK MEN 100 BX,9050000051,1,50752,13.41,15.33,3
3,2/12/20,MAVERICK MEN 100 BX,9050000051,1,50752,13.41,15.33,3
3,2/13/20,MAVERICK MEN 100 BX,9050000051,1,50752,17.88,20.44,4
3,2/15/20,MAVERICK MEN 100 BX,9050000051,1,50752,17.88,20.44,4
3,2/16/20,MAVERICK MEN 100 BX,9050000051,1,50752,8.94,10.22,2
3,2/17/20,MAVERICK MEN 100 BX,9050000051,1,50752,8.94,10.22,2
3,2/18/20,MAVERICK MEN 100 BX,9050000051,1,50752,9.12,10.32,2
3,2/19/20,MAVERICK MEN 100 BX,9050000051,1,50752,13.67,15.63,3
3,2/20/20,MAVERICK MEN 100 BX,9050000051,1,50752,22.78,26.05,5
3,2/21/20,MAVERICK MEN 100 BX,9050000051,1,50752,9.11,10.42,2
3,2/22/20,MAVERICK MEN 100 BX,9050000051,1,50752,9.11,10.42,2
3,2/23/20,MAVERICK MEN 100 BX,9050000051,1,50752,4.56,5.21,1
3,2/24/20,MAVERICK MEN 100 BX,9050000051,1,50752,9.11,10.42,2
3,2/25/20,MAVERICK MEN 100 BX,9050000051,1,50752,4.56,5.21,1
3,2/26/20,MAVERICK MEN 100 BX,9050000051,1,50752,18.22,20.84,4
3,2/27/20,MAVERICK MEN 100 BX,9050000051,1,50752,13.67,15.63,3
3,2/28/20,MAVERICK MEN 100 BX,9050000051,1,50752,22.78,26.05,5
3,2/29/20,MAVERICK MEN 100 BX,9050000051,1,50752,9.11,10.42,2
3,3/1/20,MAVERICK MEN 100 BX,9050000051,1,50752,13.67,15.63,3
3,3/3/20,MAVERICK MEN 100 BX,9050000051,1,50752,13.67,15.63,3
3,3/4/20,MAVERICK MEN 100 BX,9050000051,1,50752,13.67,15.63,3
3,3/5/20,MAVERICK MEN 100 BX,9050000051,1,50752,18.22,20.84,4
3,3/6/20,MAVERICK MEN 100 BX,9050000051,1,50752,27.33,31.26,6
3,3/7/20,MAVERICK MEN 100 BX,9050000051,1,50752,13.67,15.63,3
3,3/8/20,MAVERICK MEN 100 BX,9050000051,1,50752,9.11,10.42,2
3,3/9/20,MAVERICK MEN 100 BX,9050000051,1,50752,4.56,5.21,1
3,3/10/20,MAVERICK MEN 100 BX,9050000051,1,50752,36.44,41.68,8
3,3/11/20,MAVERICK MEN 100 BX,9050000051,1,50752,4.56,5.21,1
3,3/12/20,MAVERICK MEN 100 BX,9050000051,1,50752,4.56,5.21,1
3,3/13/20,MAVERICK MEN 100 BX,9050000051,1,50752,18.22,20.84,4
3,3/14/20,MAVERICK MEN 100 BX,9050000051,1,50752,13.67,15.63,3
3,3/15/20,MAVERICK MEN 100 BX,9050000051,1,50752,4.56,5.21,1
3,3/16/20,MAVERICK MEN 100 BX,9050000051,1,50752,9.11,10.42,2
3,3/17/20,MAVERICK MEN 100 BX,9050000051,1,50752,9.11,10.42,2
3,3/18/20,MAVERICK MEN 100 BX,9050000051,1,50752,4.56,5.21,1
3,3/19/20,MAVERICK MEN 100 BX,9050000051,1,50752,22.78,26.05,5
3,3/20/20,MAVERICK MEN 100 BX,9050000051,1,50752,18.22,20.84,4
3,3/21/20,MAVERICK MEN 100 BX,9050000051,1,50752,18.22,20.84,4
3,3/22/20,MAVERICK MEN 100 BX,9050000051,1,50752,13.67,15.63,3
3,3/23/20,MAVERICK MEN 100 BX,9050000051,1,50752,31.89,36.47,7
3,3/25/20,MAVERICK MEN 100 BX,9050000051,1,50752,13.67,15.63,3
3,3/26/20,MAVERICK MEN 100 BX,9050000051,1,50752,13.67,15.63,3
3,3/27/20,MAVERICK MEN 100 BX,9050000051,1,50752,4.56,5.21,1
3,3/28/20,MAVERICK MEN 100 BX,9050000051,1,50752,22.78,26.05,5
3,3/29/20,MAVERICK MEN 100 BX,9050000051,1,50752,13.67,15.63,3
3,3/30/20,MAVERICK MEN 100 BX,9050000051,1,50752,4.56,5.21,1
3,3/31/20,MAVERICK MEN 100 BX,9050000051,1,50752,9.11,10.42,2
3,4/1/20,MAVERICK MEN 100 BX,9050000051,1,50752,27.33,31.26,6
3,4/2/20,MAVERICK MEN 100 BX,9050000051,1,50752,4.56,5.21,1
3,4/4/20,MAVERICK MEN 100 BX,9050000051,1,50752,22.78,26.05,5
3,4/5/20,MAVERICK MEN 100 BX,9050000051,1,50752,9.11,10.42,2
3,4/6/20,MAVERICK MEN 100 BX,9050000051,1,50752,4.56,5.21,1
3,4/7/20,MAVERICK MEN 100 BX,9050000051,1,50752,18.22,20.84,4
3,4/8/20,MAVERICK MEN 100 BX,9050000051,1,50752,9.11,10.42,2
3,4/9/20,MAVERICK MEN 100 BX,9050000051,1,50752,9.11,10.42,2
3,4/10/20,MAVERICK MEN 100 BX,9050000051,1,50752,18.22,20.84,4
3,4/11/20,MAVERICK MEN 100 BX,9050000051,1,50752,13.67,15.63,3
3,4/12/20,MAVERICK MEN 100 BX,9050000051,1,50752,4.56,5.21,1
3,4/14/20,MAVERICK MEN 100 BX,9050000051,1,50752,9.11,10.42,2
3,4/15/20,MAVERICK MEN 100 BX,9050000051,1,50752,13.67,15.63,3
3,4/16/20,MAVERICK MEN 100 BX,9050000051,1,50752,13.67,15.63,3
3,4/17/20,MAVERICK MEN 100 BX,9050000051,1,50752,31.89,36.47,7
3,4/18/20,MAVERICK MEN 100 BX,9050000051,1,50752,9.11,10.42,2
3,4/19/20,MAVERICK MEN 100 BX,9050000051,1,50752,4.56,5.21,1
3,4/20/20,MAVERICK MEN 100 BX,9050000051,1,50752,9.11,10.42,2
3,4/21/20,MAVERICK MEN 100 BX,9050000051,1,50752,9.11,10.42,2
3,4/22/20,MAVERICK MEN 100 BX,9050000051,1,50752,31.89,36.47,7
3,4/23/20,MAVERICK MEN 100 BX,9050000051,1,50752,18.22,20.84,4
3,4/24/20,MAVERICK MEN 100 BX,9050000051,1,50752,13.67,15.63,3
3,4/25/20,MAVERICK MEN 100 BX,9050000051,1,50752,31.89,36.47,7
3,4/26/20,MAVERICK MEN 100 BX,9050000051,1,50752,13.67,15.63,3
3,4/27/20,MAVERICK MEN 100 BX,9050000051,1,50752,9.11,10.42,2
3,4/30/20,MAVERICK MEN 100 BX,9050000051,1,50752,13.67,15.63,3
3,5/1/20,MAVERICK MEN 100 BX,9050000051,1,50752,13.67,15.63,3
3,5/2/20,MAVERICK MEN 100 BX,9050000051,1,50752,4.56,5.21,1
3,5/3/20,MAVERICK MEN 100 BX,9050000051,1,50752,27.33,31.26,6
3,2/5/20,MAVERICK MEN KS BX,9050000054,1,50771,4.47,5.11,1
3,2/7/20,MAVERICK MEN KS BX,9050000054,1,50771,4.47,5.11,1
3,2/11/20,MAVERICK MEN KS BX,9050000054,1,50771,4.47,5.11,1
3,2/12/20,MAVERICK MEN KS BX,9050000054,1,50771,4.47,5.11,1
3,2/13/20,MAVERICK MEN KS BX,9050000054,1,50771,4.47,5.11,1
3,2/21/20,MAVERICK MEN KS BX,9050000054,1,50771,4.56,5.21,1
3,2/23/20,MAVERICK MEN KS BX,9050000054,1,50771,4.56,5.21,1
3,2/24/20,MAVERICK MEN KS BX,9050000054,1,50771,4.56,5.21,1
3,2/25/20,MAVERICK MEN KS BX,9050000054,1,50771,4.56,5.21,1
3,2/27/20,MAVERICK MEN KS BX,9050000054,1,50771,4.56,5.21,1
3,2/28/20,MAVERICK MEN KS BX,9050000054,1,50771,4.56,5.21,1
3,2/29/20,MAVERICK MEN KS BX,9050000054,1,50771,4.56,5.21,1
3,3/1/20,MAVERICK MEN KS BX,9050000054,1,50771,4.56,5.21,1
3,3/3/20,MAVERICK MEN KS BX,9050000054,1,50771,4.56,5.21,1
3,3/6/20,MAVERICK MEN KS BX,9050000054,1,50771,4.56,5.21,1
3,3/14/20,MAVERICK MEN KS BX,9050000054,1,50771,4.56,5.21,1
3,3/15/20,MAVERICK MEN KS BX,9050000054,1,50771,4.56,5.21,1
3,3/18/20,MAVERICK MEN KS BX,9050000054,1,50771,4.56,5.21,1
3,3/21/20,MAVERICK MEN KS BX,9050000054,1,50771,4.56,5.21,1
3,3/22/20,MAVERICK MEN KS BX,9050000054,1,50771,4.56,5.21,1
3,3/23/20,MAVERICK MEN KS BX,9050000054,1,50771,9.11,10.42,2
3,3/25/20,MAVERICK MEN KS BX,9050000054,1,50771,4.56,5.21,1
3,3/26/20,MAVERICK MEN KS BX,9050000054,1,50771,4.56,5.21,1
3,3/31/20,MAVERICK MEN KS BX,9050000054,1,50771,9.11,10.42,2
3,4/1/20,MAVERICK MEN KS BX,9050000054,1,50771,4.56,5.21,1
3,4/2/20,MAVERICK MEN KS BX,9050000054,1,50771,4.56,5.21,1
3,4/6/20,MAVERICK MEN KS BX,9050000054,1,50771,4.56,5.21,1
3,4/7/20,MAVERICK MEN KS BX,9050000054,1,50771,4.56,5.21,1
3,4/9/20,MAVERICK MEN KS BX,9050000054,1,50771,4.56,5.21,1
3,4/12/20,MAVERICK MEN KS BX,9050000054,1,50771,4.56,5.21,1
3,4/16/20,MAVERICK MEN KS BX,9050000054,1,50771,4.56,5.21,1
3,4/24/20,MAVERICK MEN KS BX,9050000054,1,50771,4.56,5.21,1
3,4/26/20,MAVERICK MEN KS BX,9050000054,1,50771,4.56,5.21,1
3,4/27/20,MAVERICK MEN KS BX,9050000054,1,50771,4.56,5.21,1
3,4/29/20,MAVERICK MEN KS BX,9050000054,1,50771,4.56,5.21,1
3,4/30/20,MAVERICK MEN KS BX,9050000054,1,50771,4.56,5.21,1
3,5/1/20,MAVERICK MEN KS BX,9050000054,1,50771,9.11,10.42,2
3,2/27/20,MAVERICK REG 100 BX,9050000038,1,50797,4.56,5.21,1
3,3/22/20,MAVERICK REG 100 BX,9050000038,1,50797,4.56,5.21,1
3,4/9/20,MAVERICK REG 100 BX,9050000038,1,50797,4.56,5.21,1
3,4/14/20,MAVERICK REG 100 BX,9050000038,1,50797,4.56,5.21,1
3,2/5/20,MAVERICK REG KS BX,9050000046,1,50774,4.47,5.11,1
3,2/16/20,MAVERICK REG KS BX,9050000046,1,50774,4.47,5.11,1
3,3/4/20,MAVERICK REG KS BX,9050000046,1,50774,4.56,5.21,1
3,3/14/20,MAVERICK REG KS BX,9050000046,1,50774,9.11,10.42,2
3,3/23/20,MAVERICK REG KS BX,9050000046,1,50774,13.67,15.63,3
3,4/8/20,MAVERICK REG KS BX,9050000046,1,50774,9.11,10.42,2
3,4/10/20,MAVERICK REG KS BX,9050000046,1,50774,13.67,15.63,3
3,2/5/20,NEWPORT 100 BOX,2610000573,1,50905,158.94,174.98,26
3,2/6/20,NEWPORT 100 BOX,2610000573,1,50905,152.83,168.25,25
3,2/7/20,NEWPORT 100 BOX,2610000573,1,50905,183.39,201.9,30
3,2/8/20,NEWPORT 100 BOX,2610000573,1,50905,103.92,114.41,17
3,2/9/20,NEWPORT 100 BOX,2610000573,1,50905,177.28,195.17,29
3,2/10/20,NEWPORT 100 BOX,2610000573,1,50905,140.6,154.79,23
3,2/11/20,NEWPORT 100 BOX,2610000573,1,50905,97.81,107.68,16
3,2/12/20,NEWPORT 100 BOX,2610000573,1,50905,128.37,141.33,21
3,2/13/20,NEWPORT 100 BOX,2610000573,1,50905,116.15,127.87,19
3,2/14/20,NEWPORT 100 BOX,2610000573,1,50905,165.05,181.71,27
3,2/15/20,NEWPORT 100 BOX,2610000573,1,50905,189.5,208.63,31
3,2/16/20,NEWPORT 100 BOX,2610000573,1,50905,177.28,195.17,29
3,2/17/20,NEWPORT 100 BOX,2610000573,1,50905,128.37,141.33,21
3,2/18/20,NEWPORT 100 BOX,2610000573,1,50905,143.02,157.31,23
3,2/19/20,NEWPORT 100 BOX,2610000573,1,50905,143.01,157.55,23
3,2/20/20,NEWPORT 100 BOX,2610000573,1,50905,143.01,157.55,23
3,2/21/20,NEWPORT 100 BOX,2610000573,1,50905,186.54,205.5,30
3,2/22/20,NEWPORT 100 BOX,2610000573,1,50905,136.8,150.7,22
3,2/23/20,NEWPORT 100 BOX,2610000573,1,50905,174.1,191.8,28
3,2/24/20,NEWPORT 100 BOX,2610000573,1,50905,68.4,75.35,11
3,2/25/20,NEWPORT 100 BOX,2610000573,1,50905,105.71,116.45,17
3,2/26/20,NEWPORT 100 BOX,2610000573,1,50905,211.41,232.9,34
3,2/27/20,NEWPORT 100 BOX,2610000573,1,50905,230.07,253.45,37
3,2/28/20,NEWPORT 100 BOX,2610000573,1,50905,143.01,157.55,23
3,2/29/20,NEWPORT 100 BOX,2610000573,1,50905,248.72,274,40
3,3/1/20,NEWPORT 100 BOX,2610000573,1,50905,149.23,164.4,24
3,3/2/20,NEWPORT 100 BOX,2610000573,1,50905,143.01,157.55,23
3,3/3/20,NEWPORT 100 BOX,2610000573,1,50905,198.98,219.2,32
3,3/3/20,NEWPORT 100 BOX,2610080573,10,50905,62.18,65.69,1
3,3/4/20,NEWPORT 100 BOX,2610000573,1,50905,111.92,123.3,18
3,3/5/20,NEWPORT 100 BOX,2610000573,1,50905,136.8,150.7,22
3,3/6/20,NEWPORT 100 BOX,2610000573,1,50905,198.98,219.2,32
3,3/6/20,NEWPORT 100 BOX,2610080573,10,50905,62.18,65.69,1
3,3/7/20,NEWPORT 100 BOX,2610000573,1,50905,130.58,143.85,21
3,3/8/20,NEWPORT 100 BOX,2610000573,1,50905,174.1,191.8,28
3,3/9/20,NEWPORT 100 BOX,2610000573,1,50905,192.76,212.35,31
3,3/10/20,NEWPORT 100 BOX,2610000573,1,50905,174.1,191.8,28
3,3/11/20,NEWPORT 100 BOX,2610000573,1,50905,124.36,137,20
3,3/12/20,NEWPORT 100 BOX,2610000573,1,50905,167.89,184.95,27
3,3/13/20,NEWPORT 100 BOX,2610000573,1,50905,180.32,198.65,29
3,3/14/20,NEWPORT 100 BOX,2610000573,1,50905,149.23,164.4,24
3,3/15/20,NEWPORT 100 BOX,2610000573,1,50905,130.58,143.85,21
3,3/16/20,NEWPORT 100 BOX,2610000573,1,50905,161.67,178.1,26
3,3/17/20,NEWPORT 100 BOX,2610000573,1,50905,124.36,137,20
3,3/18/20,NEWPORT 100 BOX,2610000573,1,50905,136.8,150.7,22
3,3/19/20,NEWPORT 100 BOX,2610000573,1,50905,155.45,171.25,25
3,3/20/20,NEWPORT 100 BOX,2610000573,1,50905,111.92,123.3,18
3,3/21/20,NEWPORT 100 BOX,2610000573,1,50905,230.07,253.45,37
3,3/22/20,NEWPORT 100 BOX,2610000573,1,50905,161.67,178.1,26
3,3/23/20,NEWPORT 100 BOX,2610000573,1,50905,149.23,164.4,24
3,3/24/20,NEWPORT 100 BOX,2610000573,1,50905,118.14,130.15,19
3,3/25/20,NEWPORT 100 BOX,2610000573,1,50905,180.32,198.65,29
3,3/26/20,NEWPORT 100 BOX,2610000573,1,50905,198.98,219.2,32
3,3/27/20,NEWPORT 100 BOX,2610000573,1,50905,211.41,232.9,34
3,3/28/20,NEWPORT 100 BOX,2610000573,1,50905,180.32,198.65,29
3,3/29/20,NEWPORT 100 BOX,2610000573,1,50905,236.28,260.3,38
3,3/30/20,NEWPORT 100 BOX,2610000573,1,50905,130.58,143.85,21
3,3/31/20,NEWPORT 100 BOX,2610000573,1,50905,155.45,171.25,25
3,4/1/20,NEWPORT 100 BOX,2610000573,1,50905,192.76,212.35,31
3,4/2/20,NEWPORT 100 BOX,2610000573,1,50905,167.89,184.95,27
3,4/3/20,NEWPORT 100 BOX,2610000573,1,50905,136.8,150.7,22
3,4/4/20,NEWPORT 100 BOX,2610000573,1,50905,180.32,198.65,29
3,4/5/20,NEWPORT 100 BOX,2610000573,1,50905,186.54,205.5,30
3,4/6/20,NEWPORT 100 BOX,2610000573,1,50905,205.19,226.05,33
3,4/7/20,NEWPORT 100 BOX,2610000573,1,50905,149.23,164.4,24
3,4/8/20,NEWPORT 100 BOX,2610000573,1,50905,149.23,164.4,24
3,4/9/20,NEWPORT 100 BOX,2610000573,1,50905,198.98,219.2,32
3,4/10/20,NEWPORT 100 BOX,2610000573,1,50905,174.1,191.8,28
3,4/11/20,NEWPORT 100 BOX,2610000573,1,50905,167.89,184.95,27
3,4/12/20,NEWPORT 100 BOX,2610000573,1,50905,205.19,226.05,33
3,4/13/20,NEWPORT 100 BOX,2610080573,10,50905,62.18,65.39,1
3,4/13/20,NEWPORT 100 BOX,2610000573,1,50905,93.27,104.1,15
3,4/13/20,NEWPORT 100 BOX,2610000573,1,50905,18.65,20.4,3
3,4/14/20,NEWPORT 100 BOX,2610000573,1,50905,118.14,133,19
3,4/14/20,NEWPORT 100 BOX,2610000573,1,50905,24.87,27.2,4
3,4/15/20,NEWPORT 100 BOX,2610000573,1,50905,149.23,168,24
3,4/15/20,NEWPORT 100 BOX,2610000573,1,50905,55.96,61.2,9
3,4/16/20,NEWPORT 100 BOX,2610000573,1,50905,143.01,161,23
3,4/16/20,NEWPORT 100 BOX,2610000573,1,50905,24.87,27.2,4
3,4/17/20,NEWPORT 100 BOX,2610000573,1,50905,155.45,175,25
3,4/17/20,NEWPORT 100 BOX,2610000573,1,50905,68.4,74.8,11
3,4/18/20,NEWPORT 100 BOX,2610000573,1,50905,186.54,210,30
3,4/18/20,NEWPORT 100 BOX,2610000573,1,50905,31.09,34,5
3,4/18/20,NEWPORT 100 BOX,2610080573,10,50905,62.18,65.39,1
3,4/19/20,NEWPORT 100 BOX,2610000573,1,50905,130.58,147,21
3,4/19/20,NEWPORT 100 BOX,2610000573,1,50905,62.18,68,10
3,4/20/20,NEWPORT 100 BOX,2610000573,1,50905,111.92,126,18
3,4/20/20,NEWPORT 100 BOX,2610000573,1,50905,55.96,61.2,9
3,4/21/20,NEWPORT 100 BOX,2610000573,1,50905,105.71,119,17
3,4/21/20,NEWPORT 100 BOX,2610000573,1,50905,31.09,34,5
3,4/22/20,NEWPORT 100 BOX,2610000573,1,50905,105.71,119,17
3,4/22/20,NEWPORT 100 BOX,2610000573,1,50905,43.53,47.6,7
3,4/23/20,NEWPORT 100 BOX,2610000573,1,50905,105.71,119,17
3,4/23/20,NEWPORT 100 BOX,2610000573,1,50905,43.53,47.6,7
3,4/24/20,NEWPORT 100 BOX,2610000573,1,50905,130.58,147,21
3,4/24/20,NEWPORT 100 BOX,2610000573,1,50905,31.09,34,5
3,4/25/20,NEWPORT 100 BOX,2610000573,1,50905,136.8,154,22
3,4/25/20,NEWPORT 100 BOX,2610000573,1,50905,24.87,27.2,4
3,4/26/20,NEWPORT 100 BOX,2610000573,1,50905,248.72,280,40
3,4/26/20,NEWPORT 100 BOX,2610000573,1,50905,12.44,13.6,2
3,4/27/20,NEWPORT 100 BOX,2610000573,1,50905,111.92,126,18
3,4/27/20,NEWPORT 100 BOX,2610000573,1,50905,49.75,45.65,8
3,4/29/20,NEWPORT 100 BOX,2610000573,1,50905,62.18,70,10
3,4/29/20,NEWPORT 100 BOX,2610000573,1,50905,180.32,160.95,29
3,4/30/20,NEWPORT 100 BOX,2610000573,1,50905,74.62,84,12
3,4/30/20,NEWPORT 100 BOX,2610000573,1,50905,211.41,188.7,34
3,5/1/20,NEWPORT 100 BOX,2610000573,1,50905,74.62,84,12
3,5/1/20,NEWPORT 100 BOX,2610000573,1,50905,230.07,205.35,37
3,5/2/20,NEWPORT 100 BOX,2610000573,1,50905,111.92,126,18
3,5/2/20,NEWPORT 100 BOX,2610000573,1,50905,248.72,222,40
3,5/3/20,NEWPORT 100 BOX,2610000573,1,50905,124.36,140,20
3,5/3/20,NEWPORT 100 BOX,2610000573,1,50905,174.1,155.4,28
3,2/5/20,NEWPORT 100 SP,2610000577,1,50822,24.45,26.92,4
3,2/6/20,NEWPORT 100 SP,2610000577,1,50822,36.68,40.38,6
3,2/7/20,NEWPORT 100 SP,2610000577,1,50822,42.79,47.11,7
3,2/8/20,NEWPORT 100 SP,2610000577,1,50822,24.45,26.92,4
3,2/9/20,NEWPORT 100 SP,2610000577,1,50822,55.02,60.57,9
3,2/10/20,NEWPORT 100 SP,2610000577,1,50822,36.68,40.38,6
3,2/11/20,NEWPORT 100 SP,2610000577,1,50822,30.57,33.65,5
3,2/12/20,NEWPORT 100 SP,2610000577,1,50822,42.79,47.11,7
3,2/13/20,NEWPORT 100 SP,2610000577,1,50822,36.68,40.38,6
3,2/14/20,NEWPORT 100 SP,2610000577,1,50822,42.79,47.11,7
3,2/15/20,NEWPORT 100 SP,2610000577,1,50822,48.9,53.84,8
3,2/16/20,NEWPORT 100 SP,2610000577,1,50822,30.57,33.65,5
3,2/17/20,NEWPORT 100 SP,2610000577,1,50822,36.68,40.38,6
3,2/18/20,NEWPORT 100 SP,2610000577,1,50822,55.96,61.53,9
3,2/19/20,NEWPORT 100 SP,2610000577,1,50822,12.44,13.7,2
3,2/20/20,NEWPORT 100 SP,2610000577,1,50822,31.09,34.25,5
3,2/21/20,NEWPORT 100 SP,2610000577,1,50822,31.09,34.25,5
3,2/22/20,NEWPORT 100 SP,2610000577,1,50822,24.87,27.4,4
3,2/23/20,NEWPORT 100 SP,2610000577,1,50822,31.09,34.25,5
3,2/24/20,NEWPORT 100 SP,2610000577,1,50822,31.09,34.25,5
3,2/25/20,NEWPORT 100 SP,2610000577,1,50822,31.09,34.25,5
3,2/26/20,NEWPORT 100 SP,2610000577,1,50822,37.31,41.1,6
3,2/27/20,NEWPORT 100 SP,2610000577,1,50822,18.65,20.55,3
3,2/28/20,NEWPORT 100 SP,2610000577,1,50822,37.31,41.1,6
3,2/29/20,NEWPORT 100 SP,2610000577,1,50822,87.05,95.9,14
3,3/1/20,NEWPORT 100 SP,2610000577,1,50822,37.31,41.1,6
3,3/2/20,NEWPORT 100 SP,2610000577,1,50822,55.96,61.65,9
3,3/3/20,NEWPORT 100 SP,2610000577,1,50822,43.53,47.95,7
3,3/4/20,NEWPORT 100 SP,2610000577,1,50822,18.65,20.55,3
3,3/5/20,NEWPORT 100 SP,2610000577,1,50822,31.09,34.25,5
3,3/6/20,NEWPORT 100 SP,2610000577,1,50822,62.18,68.5,10
3,3/7/20,NEWPORT 100 SP,2610000577,1,50822,37.31,41.1,6
3,3/8/20,NEWPORT 100 SP,2610000577,1,50822,80.83,89.05,13
3,3/9/20,NEWPORT 100 SP,2610000577,1,50822,43.53,47.95,7
3,3/10/20,NEWPORT 100 SP,2610000577,1,50822,31.09,34.25,5
3,3/11/20,NEWPORT 100 SP,2610000577,1,50822,49.74,54.8,8
3,3/12/20,NEWPORT 100 SP,2610000577,1,50822,18.65,20.55,3
3,3/13/20,NEWPORT 100 SP,2610000577,1,50822,37.31,41.1,6
3,3/14/20,NEWPORT 100 SP,2610000577,1,50822,43.53,47.95,7
3,3/15/20,NEWPORT 100 SP,2610000577,1,50822,12.44,13.7,2
3,3/16/20,NEWPORT 100 SP,2610000577,1,50822,62.18,68.5,10
3,3/17/20,NEWPORT 100 SP,2610000577,1,50822,24.87,27.4,4
3,3/18/20,NEWPORT 100 SP,2610000577,1,50822,18.65,20.55,3
3,3/19/20,NEWPORT 100 SP,2610000577,1,50822,31.09,34.25,5
3,3/20/20,NEWPORT 100 SP,2610000577,1,50822,37.31,41.1,6
3,3/21/20,NEWPORT 100 SP,2610000577,1,50822,62.18,68.5,10
3,3/22/20,NEWPORT 100 SP,2610000577,1,50822,87.05,95.9,14
3,3/23/20,NEWPORT 100 SP,2610000577,1,50822,31.09,34.25,5
3,3/24/20,NEWPORT 100 SP,2610000577,1,50822,37.31,41.1,6
3,3/25/20,NEWPORT 100 SP,2610000577,1,50822,18.65,20.55,3
3,3/26/20,NEWPORT 100 SP,2610000577,1,50822,31.09,34.25,5
3,3/27/20,NEWPORT 100 SP,2610000577,1,50822,80.83,89.05,13
3,3/28/20,NEWPORT 100 SP,2610000577,1,50822,37.31,41.1,6
3,3/29/20,NEWPORT 100 SP,2610000577,1,50822,49.74,54.8,8
3,3/30/20,NEWPORT 100 SP,2610000577,1,50822,80.83,89.05,13
3,3/31/20,NEWPORT 100 SP,2610000577,1,50822,31.09,34.25,5
3,4/1/20,NEWPORT 100 SP,2610000577,1,50822,24.87,27.4,4
3,4/2/20,NEWPORT 100 SP,2610000577,1,50822,55.96,61.65,9
3,4/3/20,NEWPORT 100 SP,2610000577,1,50822,49.74,54.8,8
3,4/4/20,NEWPORT 100 SP,2610000577,1,50822,37.31,41.1,6
3,4/5/20,NEWPORT 100 SP,2610000577,1,50822,24.87,27.4,4
3,4/6/20,NEWPORT 100 SP,2610000577,1,50822,49.74,54.8,8
3,4/7/20,NEWPORT 100 SP,2610000577,1,50822,18.65,20.55,3
3,4/8/20,NEWPORT 100 SP,2610000577,1,50822,49.74,54.8,8
3,4/9/20,NEWPORT 100 SP,2610000577,1,50822,37.31,41.1,6
3,4/10/20,NEWPORT 100 SP,2610000577,1,50822,68.4,75.35,11
3,4/11/20,NEWPORT 100 SP,2610000577,1,50822,43.53,47.95,7
3,4/12/20,NEWPORT 100 SP,2610000577,1,50822,49.74,54.8,8
3,4/13/20,NEWPORT 100 SP,2610000577,1,50822,37.31,41.7,6
3,4/13/20,NEWPORT 100 SP,2610000577,1,50822,6.22,6.8,1
3,4/14/20,NEWPORT 100 SP,2610000577,1,50822,43.53,49,7
3,4/14/20,NEWPORT 100 SP,2610000577,1,50822,49.74,54.4,8
3,4/15/20,NEWPORT 100 SP,2610000577,1,50822,18.65,21,3
3,4/15/20,NEWPORT 100 SP,2610000577,1,50822,6.22,6.8,1
3,4/16/20,NEWPORT 100 SP,2610000577,1,50822,37.31,42,6
3,4/16/20,NEWPORT 100 SP,2610000577,1,50822,24.87,27.2,4
3,4/17/20,NEWPORT 100 SP,2610000577,1,50822,31.09,35,5
3,4/17/20,NEWPORT 100 SP,2610000577,1,50822,6.22,6.8,1
3,4/18/20,NEWPORT 100 SP,2610000577,1,50822,31.09,35,5
3,4/18/20,NEWPORT 100 SP,2610000577,1,50822,37.31,40.8,6
3,4/19/20,NEWPORT 100 SP,2610000577,1,50822,24.87,28,4
3,4/20/20,NEWPORT 100 SP,2610000577,1,50822,43.53,49,7
3,4/20/20,NEWPORT 100 SP,2610000577,1,50822,18.66,20.39,3
3,4/21/20,NEWPORT 100 SP,2610000577,1,50822,24.87,28,4
3,4/21/20,NEWPORT 100 SP,2610000577,1,50822,55.96,61.2,9
3,4/22/20,NEWPORT 100 SP,2610000577,1,50822,24.87,28,4
3,4/22/20,NEWPORT 100 SP,2610000577,1,50822,24.87,27.2,4
3,4/23/20,NEWPORT 100 SP,2610000577,1,50822,24.87,28,4
3,4/23/20,NEWPORT 100 SP,2610000577,1,50822,24.87,27.2,4
3,4/24/20,NEWPORT 100 SP,2610000577,1,50822,18.65,21,3
3,4/24/20,NEWPORT 100 SP,2610000577,1,50822,12.44,13.6,2
3,4/25/20,NEWPORT 100 SP,2610000577,1,50822,49.74,56,8
3,4/25/20,NEWPORT 100 SP,2610000577,1,50822,6.22,6.8,1
3,4/26/20,NEWPORT 100 SP,2610000577,1,50822,37.31,42,6
3,4/26/20,NEWPORT 100 SP,2610000577,1,50822,12.44,13.6,2
3,4/27/20,NEWPORT 100 SP,2610000577,1,50822,62.18,70,10
3,4/27/20,NEWPORT 100 SP,2610000577,1,50822,12.44,11.1,2
3,4/29/20,NEWPORT 100 SP,2610000577,1,50822,55.96,49.95,9
3,4/30/20,NEWPORT 100 SP,2610000577,1,50822,18.65,21,3
3,4/30/20,NEWPORT 100 SP,2610000577,1,50822,62.18,55.5,10
3,5/1/20,NEWPORT 100 SP,2610000577,1,50822,24.87,28,4
3,5/1/20,NEWPORT 100 SP,2610000577,1,50822,80.83,72.15,13
3,5/2/20,NEWPORT 100 SP,2610000577,1,50822,18.65,21,3
3,5/2/20,NEWPORT 100 SP,2610000577,1,50822,80.83,72.15,13
3,5/3/20,NEWPORT 100 SP,2610000577,1,50822,6.22,7,1
3,5/3/20,NEWPORT 100 SP,2610000577,1,50822,43.53,38.85,7
3,2/5/20,NEWPORT KS BOX,2610000575,1,50829,36.68,40.38,6
3,2/6/20,NEWPORT KS BOX,2610000575,1,50829,61.13,67.3,10
3,2/7/20,NEWPORT KS BOX,2610000575,1,50829,79.47,87.49,13
3,2/8/20,NEWPORT KS BOX,2610000575,1,50829,85.58,94.22,14
3,2/9/20,NEWPORT KS BOX,2610000575,1,50829,55.02,60.57,9
3,2/10/20,NEWPORT KS BOX,2610000575,1,50829,61.13,67.3,10
3,2/11/20,NEWPORT KS BOX,2610000575,1,50829,42.79,47.11,7
3,2/12/20,NEWPORT KS BOX,2610000575,1,50829,42.79,47.11,7
3,2/13/20,NEWPORT KS BOX,2610000575,1,50829,61.13,67.3,10
3,2/14/20,NEWPORT KS BOX,2610000575,1,50829,79.47,87.49,13
3,2/15/20,NEWPORT KS BOX,2610000575,1,50829,103.92,114.41,17
3,2/16/20,NEWPORT KS BOX,2610000575,1,50829,42.79,47.11,7
3,2/17/20,NEWPORT KS BOX,2610000575,1,50829,36.68,40.38,6
3,2/18/20,NEWPORT KS BOX,2610000575,1,50829,62.18,68.38,10
3,2/19/20,NEWPORT KS BOX,2610000575,1,50829,49.74,54.8,8
3,2/20/20,NEWPORT KS BOX,2610000575,1,50829,87.05,95.9,14
3,2/21/20,NEWPORT KS BOX,2610000575,1,50829,93.27,102.75,15
3,2/22/20,NEWPORT KS BOX,2610000575,1,50829,80.83,89.05,13
3,2/23/20,NEWPORT KS BOX,2610000575,1,50829,62.18,68.5,10
3,2/24/20,NEWPORT KS BOX,2610000575,1,50829,43.53,47.95,7
3,2/25/20,NEWPORT KS BOX,2610000575,1,50829,93.27,102.75,15
3,2/26/20,NEWPORT KS BOX,2610000575,1,50829,87.05,95.9,14
3,2/27/20,NEWPORT KS BOX,2610000575,1,50829,68.4,75.35,11
3,2/28/20,NEWPORT KS BOX,2610000575,1,50829,80.83,89.05,13
3,2/29/20,NEWPORT KS BOX,2610000575,1,50829,74.62,82.2,12
3,3/1/20,NEWPORT KS BOX,2610000575,1,50829,118.14,130.15,19
3,3/2/20,NEWPORT KS BOX,2610000575,1,50829,62.18,68.5,10
3,3/3/20,NEWPORT KS BOX,2610000575,1,50829,55.96,61.65,9
3,3/4/20,NEWPORT KS BOX,2610000575,1,50829,80.83,89.05,13
3,3/5/20,NEWPORT KS BOX,2610000575,1,50829,80.83,89.05,13
3,3/6/20,NEWPORT KS BOX,2610000575,1,50829,93.27,102.75,15
3,3/7/20,NEWPORT KS BOX,2610000575,1,50829,111.92,123.3,18
3,3/8/20,NEWPORT KS BOX,2610000575,1,50829,80.83,89.05,13
3,3/9/20,NEWPORT KS BOX,2610000575,1,50829,93.27,102.75,15
3,3/10/20,NEWPORT KS BOX,2610000575,1,50829,80.83,89.05,13
3,3/11/20,NEWPORT KS BOX,2610000575,1,50829,55.96,61.65,9
3,3/12/20,NEWPORT KS BOX,2610000575,1,50829,80.83,89.05,13
3,3/13/20,NEWPORT KS BOX,2610000575,1,50829,37.31,41.1,6
3,3/14/20,NEWPORT KS BOX,2610000575,1,50829,111.92,123.3,18
3,3/15/20,NEWPORT KS BOX,2610000575,1,50829,80.83,89.05,13
3,3/16/20,NEWPORT KS BOX,2610000575,1,50829,62.18,68.5,10
3,3/17/20,NEWPORT KS BOX,2610000575,1,50829,62.18,68.5,10
3,3/18/20,NEWPORT KS BOX,2610000575,1,50829,87.05,95.9,14
3,3/19/20,NEWPORT KS BOX,2610000575,1,50829,74.62,82.2,12
3,3/20/20,NEWPORT KS BOX,2610000575,1,50829,118.14,130.15,19
3,3/21/20,NEWPORT KS BOX,2610000575,1,50829,93.27,102.75,15
3,3/22/20,NEWPORT KS BOX,2610000575,1,50829,62.18,68.5,10
3,3/23/20,NEWPORT KS BOX,2610000575,1,50829,62.18,68.5,10
3,3/24/20,NEWPORT KS BOX,2610000575,1,50829,80.83,89.05,13
3,3/25/20,NEWPORT KS BOX,2610000575,1,50829,80.83,89.05,13
3,3/26/20,NEWPORT KS BOX,2610000575,1,50829,161.67,178.1,26
3,3/27/20,NEWPORT KS BOX,2610000575,1,50829,87.05,95.9,14
3,3/28/20,NEWPORT KS BOX,2610000575,1,50829,118.14,130.15,19
3,3/29/20,NEWPORT KS BOX,2610000575,1,50829,143.01,157.55,23
3,3/30/20,NEWPORT KS BOX,2610000575,1,50829,93.27,102.75,15
3,3/31/20,NEWPORT KS BOX,2610000575,1,50829,74.62,82.2,12
3,4/1/20,NEWPORT KS BOX,2610000575,1,50829,143.01,157.55,23
3,4/2/20,NEWPORT KS BOX,2610000575,1,50829,87.05,95.9,14
3,4/3/20,NEWPORT KS BOX,2610000575,1,50829,111.92,123.3,18
3,4/4/20,NEWPORT KS BOX,2610000575,1,50829,155.45,171.25,25
3,4/5/20,NEWPORT KS BOX,2610000575,1,50829,118.14,130.15,19
3,4/5/20,NEWPORT KS BOX,2610080575,10,50829,62.18,65.69,1
3,4/6/20,NEWPORT KS BOX,2610000575,1,50829,143.01,157.55,23
3,4/7/20,NEWPORT KS BOX,2610000575,1,50829,105.71,116.45,17
3,4/8/20,NEWPORT KS BOX,2610000575,1,50829,68.4,75.35,11
3,4/9/20,NEWPORT KS BOX,2610000575,1,50829,87.05,95.9,14
3,4/10/20,NEWPORT KS BOX,2610000575,1,50829,87.05,95.9,14
3,4/11/20,NEWPORT KS BOX,2610000575,1,50829,118.14,130.15,19
3,4/12/20,NEWPORT KS BOX,2610000575,1,50829,99.49,109.6,16
3,4/13/20,NEWPORT KS BOX,2610000575,1,50829,49.74,55.55,8
3,4/13/20,NEWPORT KS BOX,2610000575,1,50829,18.65,20.4,3
3,4/14/20,NEWPORT KS BOX,2610000575,1,50829,80.83,91,13
3,4/15/20,NEWPORT KS BOX,2610000575,1,50829,74.62,84,12
3,4/15/20,NEWPORT KS BOX,2610000575,1,50829,43.53,47.6,7
3,4/16/20,NEWPORT KS BOX,2610000575,1,50829,68.4,77,11
3,4/16/20,NEWPORT KS BOX,2610000575,1,50829,12.44,13.6,2
3,4/17/20,NEWPORT KS BOX,2610000575,1,50829,74.62,84,12
3,4/17/20,NEWPORT KS BOX,2610000575,1,50829,31.09,34,5
3,4/18/20,NEWPORT KS BOX,2610000575,1,50829,130.58,147,21
3,4/18/20,NEWPORT KS BOX,2610000575,1,50829,37.31,40.8,6
3,4/19/20,NEWPORT KS BOX,2610000575,1,50829,49.74,56,8
3,4/19/20,NEWPORT KS BOX,2610000575,1,50829,18.65,20.4,3
3,4/20/20,NEWPORT KS BOX,2610000575,1,50829,87.05,98,14
3,4/21/20,NEWPORT KS BOX,2610000575,1,50829,80.83,91,13
3,4/22/20,NEWPORT KS BOX,2610000575,1,50829,49.74,56,8
3,4/22/20,NEWPORT KS BOX,2610000575,1,50829,12.44,13.6,2
3,4/23/20,NEWPORT KS BOX,2610000575,1,50829,55.96,63,9
3,4/23/20,NEWPORT KS BOX,2610000575,1,50829,43.53,47.6,7
3,4/24/20,NEWPORT KS BOX,2610000575,1,50829,124.36,140,20
3,4/25/20,NEWPORT KS BOX,2610000575,1,50829,80.83,91,13
3,4/25/20,NEWPORT KS BOX,2610000575,1,50829,12.44,13.6,2
3,4/26/20,NEWPORT KS BOX,2610000575,1,50829,74.62,84,12
3,4/26/20,NEWPORT KS BOX,2610000575,1,50829,18.65,20.4,3
3,4/27/20,NEWPORT KS BOX,2610000575,1,50829,111.92,126,18
3,4/27/20,NEWPORT KS BOX,2610000575,1,50829,37.31,34.55,6
3,4/29/20,NEWPORT KS BOX,2610000575,1,50829,37.31,42,6
3,4/29/20,NEWPORT KS BOX,2610000575,1,50829,180.32,160.95,29
3,4/30/20,NEWPORT KS BOX,2610000575,1,50829,24.87,28,4
3,4/30/20,NEWPORT KS BOX,2610000575,1,50829,93.27,83.25,15
3,5/1/20,NEWPORT KS BOX,2610080575,10,50829,62.18,52.89,1
3,5/1/20,NEWPORT KS BOX,2610000575,1,50829,55.96,63,9
3,5/1/20,NEWPORT KS BOX,2610000575,1,50829,136.8,122.1,22
3,5/2/20,NEWPORT KS BOX,2610000575,1,50829,68.4,77,11
3,5/2/20,NEWPORT KS BOX,2610000575,1,50829,174.1,155.4,28
3,5/3/20,NEWPORT KS BOX,2610000575,1,50829,55.96,63,9
3,5/3/20,NEWPORT KS BOX,2610000575,1,50829,87.05,77.61,14
3,2/5/20,NEWPORT KS SP,2610000578,1,50793,18.34,20.19,3
3,2/6/20,NEWPORT KS SP,2610000578,1,50793,6.11,6.73,1
3,2/7/20,NEWPORT KS SP,2610000578,1,50793,36.68,40.38,6
3,2/8/20,NEWPORT KS SP,2610000578,1,50793,42.79,47.11,7
3,2/9/20,NEWPORT KS SP,2610000578,1,50793,12.23,13.46,2
3,2/10/20,NEWPORT KS SP,2610000578,1,50793,12.23,13.46,2
3,2/11/20,NEWPORT KS SP,2610000578,1,50793,24.45,26.92,4
3,2/12/20,NEWPORT KS SP,2610000578,1,50793,12.23,13.46,2
3,2/13/20,NEWPORT KS SP,2610000578,1,50793,18.34,20.19,3
3,2/14/20,NEWPORT KS SP,2610000578,1,50793,48.9,53.84,8
3,2/15/20,NEWPORT KS SP,2610000578,1,50793,18.34,20.19,3
3,2/16/20,NEWPORT KS SP,2610000578,1,50793,12.23,13.46,2
3,2/18/20,NEWPORT KS SP,2610000578,1,50793,6.22,6.85,1
3,2/19/20,NEWPORT KS SP,2610000578,1,50793,12.44,13.7,2
3,2/20/20,NEWPORT KS SP,2610000578,1,50793,18.65,20.55,3
3,2/21/20,NEWPORT KS SP,2610000578,1,50793,55.96,61.65,9
3,2/22/20,NEWPORT KS SP,2610000578,1,50793,31.09,34.25,5
3,2/23/20,NEWPORT KS SP,2610000578,1,50793,12.44,13.7,2
3,2/24/20,NEWPORT KS SP,2610000578,1,50793,37.31,41.1,6
3,2/25/20,NEWPORT KS SP,2610000578,1,50793,6.22,6.85,1
3,2/26/20,NEWPORT KS SP,2610000578,1,50793,18.65,20.55,3
3,2/27/20,NEWPORT KS SP,2610000578,1,50793,18.65,20.55,3
3,2/28/20,NEWPORT KS SP,2610000578,1,50793,12.44,13.7,2
3,2/29/20,NEWPORT KS SP,2610000578,1,50793,12.44,13.7,2
3,3/1/20,NEWPORT KS SP,2610000578,1,50793,31.09,34.25,5
3,3/2/20,NEWPORT KS SP,2610000578,1,50793,24.87,27.4,4
3,3/3/20,NEWPORT KS SP,2610000578,1,50793,18.65,20.55,3
3,3/4/20,NEWPORT KS SP,2610000578,1,50793,18.65,20.55,3
3,3/5/20,NEWPORT KS SP,2610000578,1,50793,24.87,27.4,4
3,3/6/20,NEWPORT KS SP,2610000578,1,50793,12.44,13.7,2
3,3/8/20,NEWPORT KS SP,2610000578,1,50793,31.09,34.25,5
3,3/9/20,NEWPORT KS SP,2610000578,1,50793,24.87,27.4,4
3,3/10/20,NEWPORT KS SP,2610000578,1,50793,12.44,13.7,2
3,3/11/20,NEWPORT KS SP,2610000578,1,50793,18.65,20.55,3
3,3/12/20,NEWPORT KS SP,2610000578,1,50793,18.65,20.55,3
3,3/13/20,NEWPORT KS SP,2610000578,1,50793,24.87,27.4,4
3,3/14/20,NEWPORT KS SP,2610000578,1,50793,18.65,20.55,3
3,3/15/20,NEWPORT KS SP,2610000578,1,50793,18.65,20.55,3
3,3/16/20,NEWPORT KS SP,2610000578,1,50793,6.22,6.85,1
3,3/17/20,NEWPORT KS SP,2610000578,1,50793,12.44,13.7,2
3,3/18/20,NEWPORT KS SP,2610000578,1,50793,6.22,6.85,1
3,3/19/20,NEWPORT KS SP,2610000578,1,50793,12.44,13.7,2
3,3/20/20,NEWPORT KS SP,2610000578,1,50793,37.31,41.1,6
3,3/21/20,NEWPORT KS SP,2610000578,1,50793,6.22,6.85,1
3,3/22/20,NEWPORT KS SP,2610000578,1,50793,18.65,20.55,3
3,3/23/20,NEWPORT KS SP,2610000578,1,50793,12.44,13.7,2
3,3/24/20,NEWPORT KS SP,2610000578,1,50793,24.87,27.4,4
3,3/25/20,NEWPORT KS SP,2610000578,1,50793,18.65,20.55,3
3,3/26/20,NEWPORT KS SP,2610000578,1,50793,24.87,27.4,4
3,3/27/20,NEWPORT KS SP,2610000578,1,50793,31.09,34.25,5
3,3/28/20,NEWPORT KS SP,2610000578,1,50793,12.44,13.7,2
3,3/29/20,NEWPORT KS SP,2610000578,1,50793,12.44,13.7,2
3,3/30/20,NEWPORT KS SP,2610000578,1,50793,24.87,27.4,4
3,3/31/20,NEWPORT KS SP,2610000578,1,50793,24.87,27.4,4
3,4/1/20,NEWPORT KS SP,2610000578,1,50793,6.22,6.85,1
3,4/2/20,NEWPORT KS SP,2610000578,1,50793,37.31,41.1,6
3,4/3/20,NEWPORT KS SP,2610000578,1,50793,31.09,34.25,5
3,4/4/20,NEWPORT KS SP,2610000578,1,50793,24.87,27.4,4
3,4/5/20,NEWPORT KS SP,2610000578,1,50793,18.65,20.55,3
3,4/7/20,NEWPORT KS SP,2610000578,1,50793,24.87,27.4,4
3,4/8/20,NEWPORT KS SP,2610000578,1,50793,43.53,47.95,7
3,4/9/20,NEWPORT KS SP,2610000578,1,50793,37.31,41.1,6
3,4/10/20,NEWPORT KS SP,2610000578,1,50793,31.09,34.25,5
3,4/11/20,NEWPORT KS SP,2610000578,1,50793,31.09,34.25,5
3,4/12/20,NEWPORT KS SP,2610000578,1,50793,31.09,34.25,5
3,4/13/20,NEWPORT KS SP,2610000578,1,50793,12.44,13.85,2
3,4/13/20,NEWPORT KS SP,2610000578,1,50793,6.22,6.8,1
3,4/14/20,NEWPORT KS SP,2610000578,1,50793,31.09,35,5
3,4/15/20,NEWPORT KS SP,2610000578,1,50793,18.65,21,3
3,4/15/20,NEWPORT KS SP,2610000578,1,50793,6.22,6.8,1
3,4/16/20,NEWPORT KS SP,2610000578,1,50793,12.44,14,2
3,4/17/20,NEWPORT KS SP,2610000578,1,50793,43.53,49,7
3,4/17/20,NEWPORT KS SP,2610000578,1,50793,6.22,6.8,1
3,4/18/20,NEWPORT KS SP,2610000578,1,50793,31.09,35,5
3,4/18/20,NEWPORT KS SP,2610000578,1,50793,12.44,13.6,2
3,4/19/20,NEWPORT KS SP,2610000578,1,50793,24.87,28,4
3,4/19/20,NEWPORT KS SP,2610000578,1,50793,6.22,6.8,1
3,4/20/20,NEWPORT KS SP,2610000578,1,50793,18.65,21,3
3,4/21/20,NEWPORT KS SP,2610000578,1,50793,18.65,21,3
3,4/21/20,NEWPORT KS SP,2610000578,1,50793,6.22,6.8,1
3,4/22/20,NEWPORT KS SP,2610000578,1,50793,18.65,21,3
3,4/23/20,NEWPORT KS SP,2610000578,1,50793,43.53,49,7
3,4/23/20,NEWPORT KS SP,2610000578,1,50793,6.22,6.79,1
3,4/24/20,NEWPORT KS SP,2610000578,1,50793,24.87,28,4
3,4/24/20,NEWPORT KS SP,2610000578,1,50793,6.22,6.8,1
3,4/25/20,NEWPORT KS SP,2610000578,1,50793,37.31,42,6
3,4/25/20,NEWPORT KS SP,2610000578,1,50793,6.22,6.8,1
3,4/26/20,NEWPORT KS SP,2610000578,1,50793,31.09,35,5
3,4/26/20,NEWPORT KS SP,2610000578,1,50793,18.65,20.4,3
3,4/27/20,NEWPORT KS SP,2610000578,1,50793,12.44,14,2
3,4/29/20,NEWPORT KS SP,2610000578,1,50793,12.44,14,2
3,4/29/20,NEWPORT KS SP,2610000578,1,50793,6.22,5.55,1
3,4/30/20,NEWPORT KS SP,2610000578,1,50793,6.22,7,1
3,4/30/20,NEWPORT KS SP,2610000578,1,50793,18.65,16.65,3
3,5/1/20,NEWPORT KS SP,2610000578,1,50793,37.31,42,6
3,5/1/20,NEWPORT KS SP,2610000578,1,50793,12.44,11.1,2
3,5/2/20,NEWPORT KS SP,2610000578,1,50793,12.44,14,2
3,5/2/20,NEWPORT KS SP,2610000578,1,50793,31.09,27.75,5
3,5/3/20,NEWPORT KS SP,2610000578,1,50793,6.22,7,1
3,5/3/20,NEWPORT KS SP,2610000578,1,50793,12.44,11.1,2
3,2/9/20,NEWPORT NON MEN 100 BX,2610000657,1,50838,4.82,5.95,1
3,2/10/20,NEWPORT NON MEN 100 BX,2610000657,1,50838,9.65,11.9,2
3,2/12/20,NEWPORT NON MEN 100 BX,2610000657,1,50838,9.65,11.9,2
3,2/14/20,NEWPORT NON MEN 100 BX,2610000657,1,50838,9.65,11.9,2
3,2/16/20,NEWPORT NON MEN 100 BX,2610000657,1,50838,4.82,5.95,1
3,2/19/20,NEWPORT NON MEN 100 BX,2610000657,1,50838,9.85,12.12,2
3,2/20/20,NEWPORT NON MEN 100 BX,2610000657,1,50838,4.92,6.06,1
3,2/21/20,NEWPORT NON MEN 100 BX,2610000657,1,50838,9.85,12.12,2
3,2/26/20,NEWPORT NON MEN 100 BX,2610000657,1,50838,4.92,6.06,1
3,2/28/20,NEWPORT NON MEN 100 BX,2610000657,1,50838,14.77,18.18,3
3,2/29/20,NEWPORT NON MEN 100 BX,2610000657,1,50838,9.85,12.12,2
3,3/1/20,NEWPORT NON MEN 100 BX,2610000657,1,50838,9.85,12.12,2
3,3/6/20,NEWPORT NON MEN 100 BX,2610000657,1,50838,9.85,12.12,2
3,3/7/20,NEWPORT NON MEN 100 BX,2610000657,1,50838,9.85,12.12,2
3,3/12/20,NEWPORT NON MEN 100 BX,2610000657,1,50838,4.92,6.06,1
3,3/13/20,NEWPORT NON MEN 100 BX,2610000657,1,50838,9.85,12.12,2
3,3/16/20,NEWPORT NON MEN 100 BX,2610000657,1,50838,4.92,6.06,1
3,3/20/20,NEWPORT NON MEN 100 BX,2610000657,1,50838,9.85,12.12,2
3,3/21/20,NEWPORT NON MEN 100 BX,2610000657,1,50838,4.92,6.06,1
3,3/23/20,NEWPORT NON MEN 100 BX,2610000657,1,50838,9.85,12.12,2
3,3/24/20,NEWPORT NON MEN 100 BX,2610000657,1,50838,4.92,6.06,1
3,3/25/20,NEWPORT NON MEN 100 BX,2610000657,1,50838,9.85,12.12,2
3,3/26/20,NEWPORT NON MEN 100 BX,2610000657,1,50838,4.92,6.06,1
3,3/27/20,NEWPORT NON MEN 100 BX,2610000657,1,50838,4.92,6.06,1
3,3/30/20,NEWPORT NON MEN 100 BX,2610000657,1,50838,9.85,12.12,2
3,4/1/20,NEWPORT NON MEN 100 BX,2610000657,1,50838,4.92,6.06,1
3,4/4/20,NEWPORT NON MEN 100 BX,2610000657,1,50838,4.92,6.06,1
3,4/6/20,NEWPORT NON MEN 100 BX,2610000657,1,50838,4.92,6.06,1
3,4/8/20,NEWPORT NON MEN 100 BX,2610000657,1,50838,9.85,12.12,2
3,4/13/20,NEWPORT NON MEN 100 BX,2610000657,1,50838,4.92,6.06,1
3,4/14/20,NEWPORT NON MEN 100 BX,2610000657,1,50838,4.92,6.06,1
3,4/15/20,NEWPORT NON MEN 100 BX,2610000657,1,50838,9.85,11.72,2
3,4/16/20,NEWPORT NON MEN 100 BX,2610000657,1,50838,4.92,6.06,1
3,4/17/20,NEWPORT NON MEN 100 BX,2610000657,1,50838,4.92,6.06,1
3,4/17/20,NEWPORT NON MEN 100 BX,2610000657,1,50838,9.85,11.72,2
3,4/19/20,NEWPORT NON MEN 100 BX,2610000657,1,50838,4.92,6.06,1
3,4/20/20,NEWPORT NON MEN 100 BX,2610000657,1,50838,9.85,11.72,2
3,4/21/20,NEWPORT NON MEN 100 BX,2610000657,1,50838,4.92,6.06,1
3,4/22/20,NEWPORT NON MEN 100 BX,2610000657,1,50838,9.85,11.72,2
3,4/23/20,NEWPORT NON MEN 100 BX,2610000657,1,50838,4.92,6.06,1
3,4/24/20,NEWPORT NON MEN 100 BX,2610000657,1,50838,9.85,11.72,2
3,4/27/20,NEWPORT NON MEN 100 BX,2610000657,1,50838,4.92,6.06,1
3,5/2/20,NEWPORT NON MEN 100 BX,2610000657,1,50838,14.77,13.83,3
3,3/23/20,NEWPORT NON MEN GLD 100 BX,2610000661,1,50906,4.92,6.06,1
3,4/30/20,NEWPORT NON MEN GLD 100 BX,2610000661,1,50906,4.92,6.06,1
3,2/26/20,NEWPORT NON MEN GLD KS BX,2610000660,1,50892,4.92,6.06,1
3,3/1/20,NEWPORT NON MEN GLD KS BX,2610000660,1,50892,4.92,6.06,1
3,3/7/20,NEWPORT NON MEN GLD KS BX,2610000660,1,50892,9.85,12.12,2
3,4/9/20,NEWPORT NON MEN GLD KS BX,2610000660,1,50892,14.77,18.18,3
3,4/10/20,NEWPORT NON MEN GLD KS BX,2610000660,1,50892,4.92,6.06,1
3,2/7/20,NEWPORT NON MEN KS BX,2610000656,1,50867,4.82,5.95,1
3,2/9/20,NEWPORT NON MEN KS BX,2610000656,1,50867,4.82,5.95,1
3,2/12/20,NEWPORT NON MEN KS BX,2610000656,1,50867,4.82,5.95,1
3,2/15/20,NEWPORT NON MEN KS BX,2610000656,1,50867,9.65,11.9,2
3,2/19/20,NEWPORT NON MEN KS BX,2610000656,1,50867,9.85,12.12,2
3,2/21/20,NEWPORT NON MEN KS BX,2610000656,1,50867,4.92,6.06,1
3,2/23/20,NEWPORT NON MEN KS BX,2610000656,1,50867,9.85,12.12,2
3,2/29/20,NEWPORT NON MEN KS BX,2610000656,1,50867,4.92,6.06,1
3,3/5/20,NEWPORT NON MEN KS BX,2610000656,1,50867,9.85,12.12,2
3,3/21/20,NEWPORT NON MEN KS BX,2610000656,1,50867,14.77,18.18,3
3,3/26/20,NEWPORT NON MEN KS BX,2610000656,1,50867,4.92,6.06,1
3,3/27/20,NEWPORT NON MEN KS BX,2610000656,1,50867,4.92,6.06,1
3,3/28/20,NEWPORT NON MEN KS BX,2610000656,1,50867,4.92,6.06,1
3,4/3/20,NEWPORT NON MEN KS BX,2610000656,1,50867,4.92,6.06,1
3,4/5/20,NEWPORT NON MEN KS BX,2610000656,1,50867,9.85,12.12,2
3,4/15/20,NEWPORT NON MEN KS BX,2610000656,1,50867,9.85,12.12,2
3,4/16/20,NEWPORT NON MEN KS BX,2610000656,1,50867,4.92,6.06,1
3,4/19/20,NEWPORT NON MEN KS BX,2610000656,1,50867,4.92,6.06,1
3,4/22/20,NEWPORT NON MEN KS BX,2610000656,1,50867,4.92,6.06,1
3,4/23/20,NEWPORT NON MEN KS BX,2610000656,1,50867,4.92,6.06,1
3,4/23/20,NEWPORT NON MEN KS BX,2610000656,1,50867,9.85,11.72,2
3,5/2/20,NEWPORT NON MEN KS BX,2610000656,1,50867,4.92,6.06,1
3,2/5/20,NEWPORT PLTNM BL BX 100,2610001622,1,50860,6.11,5.93,1
3,2/7/20,NEWPORT PLTNM BL BX 100,2610001622,1,50860,6.11,5.93,1
3,2/16/20,NEWPORT PLTNM BL BX 100,2610001622,1,50860,6.11,5.93,1
3,2/21/20,NEWPORT PLTNM BL BX 100,2610001622,1,50860,6.22,6.05,1
3,2/24/20,NEWPORT PLTNM BL BX 100,2610001622,1,50860,6.22,6.05,1
3,2/27/20,NEWPORT PLTNM BL BX 100,2610001622,1,50860,6.22,6.05,1
3,2/28/20,NEWPORT PLTNM BL BX 100,2610001622,1,50860,6.22,6.05,1
3,2/29/20,NEWPORT PLTNM BL BX 100,2610001622,1,50860,6.22,6.05,1
3,3/1/20,NEWPORT PLTNM BL BX 100,2610001622,1,50860,6.22,6.05,1
3,3/5/20,NEWPORT PLTNM BL BX 100,2610001622,1,50860,12.44,12.1,2
3,3/6/20,NEWPORT PLTNM BL BX 100,2610001622,1,50860,6.22,6.05,1
3,3/10/20,NEWPORT PLTNM BL BX 100,2610001622,1,50860,6.22,6.05,1
3,3/11/20,NEWPORT PLTNM BL BX 100,2610001622,1,50860,6.22,6.05,1
3,3/14/20,NEWPORT PLTNM BL BX 100,2610001622,1,50860,12.44,12.1,2
3,3/21/20,NEWPORT PLTNM BL BX 100,2610001622,1,50860,6.22,6.05,1
3,3/24/20,NEWPORT PLTNM BL BX 100,2610001622,1,50860,6.22,6.05,1
3,4/6/20,NEWPORT PLTNM BL BX 100,2610001622,1,50860,6.22,6.05,1
3,4/10/20,NEWPORT PLTNM BL BX 100,2610001622,1,50860,6.22,6.05,1
3,4/12/20,NEWPORT PLTNM BL BX 100,2610001622,1,50860,6.22,6.05,1
3,4/14/20,NEWPORT PLTNM BL BX 100,2610001622,1,50860,6.22,6.2,1
3,4/20/20,NEWPORT PLTNM BL BX 100,2610001622,1,50860,6.22,6.01,1
3,4/25/20,NEWPORT PLTNM BL BX 100,2610001622,1,50860,6.22,6.2,1
3,5/2/20,NEWPORT PLTNM BL BX 100,2610001622,1,50860,6.22,6.2,1
3,2/5/20,NEWPORT PLTNM BL BX KS,2610001628,1,50873,6.11,5.93,1
3,2/6/20,NEWPORT PLTNM BL BX KS,2610001628,1,50873,6.11,5.93,1
3,2/9/20,NEWPORT PLTNM BL BX KS,2610001628,1,50873,6.11,5.93,1
3,2/16/20,NEWPORT PLTNM BL BX KS,2610001628,1,50873,6.11,5.93,1
3,2/18/20,NEWPORT PLTNM BL BX KS,2610001628,1,50873,6.22,6.05,1
3,2/26/20,NEWPORT PLTNM BL BX KS,2610001628,1,50873,6.22,6.05,1
3,2/27/20,NEWPORT PLTNM BL BX KS,2610001628,1,50873,12.44,12.1,2
3,2/28/20,NEWPORT PLTNM BL BX KS,2610001628,1,50873,6.22,6.05,1
3,3/1/20,NEWPORT PLTNM BL BX KS,2610001628,1,50873,12.44,12.1,2
3,3/5/20,NEWPORT PLTNM BL BX KS,2610001628,1,50873,12.44,12.1,2
3,3/11/20,NEWPORT PLTNM BL BX KS,2610001628,1,50873,6.22,6.05,1
3,3/12/20,NEWPORT PLTNM BL BX KS,2610001628,1,50873,6.22,6.05,1
3,3/17/20,NEWPORT PLTNM BL BX KS,2610001628,1,50873,6.22,6.05,1
3,3/18/20,NEWPORT PLTNM BL BX KS,2610001628,1,50873,6.22,6.05,1
3,3/24/20,NEWPORT PLTNM BL BX KS,2610001628,1,50873,18.65,18.15,3
3,3/26/20,NEWPORT PLTNM BL BX KS,2610001628,1,50873,18.65,18.15,3
3,3/27/20,NEWPORT PLTNM BL BX KS,2610001628,1,50873,6.22,6.05,1
3,3/29/20,NEWPORT PLTNM BL BX KS,2610001628,1,50873,6.22,6.05,1
3,3/30/20,NEWPORT PLTNM BL BX KS,2610001628,1,50873,12.44,12.1,2
3,4/1/20,NEWPORT PLTNM BL BX KS,2610001628,1,50873,24.87,24.2,4
3,4/3/20,NEWPORT PLTNM BL BX KS,2610001628,1,50873,12.44,12.1,2
3,4/5/20,NEWPORT PLTNM BL BX KS,2610001628,1,50873,6.22,6.05,1
3,4/6/20,NEWPORT PLTNM BL BX KS,2610001628,1,50873,12.44,12.1,2
3,4/9/20,NEWPORT PLTNM BL BX KS,2610001628,1,50873,12.44,12.1,2
3,4/11/20,NEWPORT PLTNM BL BX KS,2610001628,1,50873,6.22,6.05,1
3,4/12/20,NEWPORT PLTNM BL BX KS,2610001628,1,50873,6.22,6.05,1
3,4/14/20,NEWPORT PLTNM BL BX KS,2610001628,1,50873,12.44,12.4,2
3,4/15/20,NEWPORT PLTNM BL BX KS,2610001628,1,50873,6.22,6.2,1
3,4/16/20,NEWPORT PLTNM BL BX KS,2610001628,1,50873,6.22,6.2,1
3,4/16/20,NEWPORT PLTNM BL BX KS,2610001628,1,50873,12.44,12,2
3,4/18/20,NEWPORT PLTNM BL BX KS,2610001628,1,50873,6.22,6.2,1
3,4/19/20,NEWPORT PLTNM BL BX KS,2610001628,1,50873,6.22,6.2,1
3,4/23/20,NEWPORT PLTNM BL BX KS,2610001628,1,50873,6.22,6.01,1
3,4/26/20,NEWPORT PLTNM BL BX KS,2610001628,1,50873,6.22,6.2,1
3,5/3/20,NEWPORT PLTNM BL BX KS,2610001628,1,50873,6.22,4.84,1
3,2/9/20,NEWPORT SMOOTH SELECT 100 BX,2610000668,1,50823,6.11,5.93,1
3,2/21/20,NEWPORT SMOOTH SELECT 100 BX,2610000668,1,50823,6.22,6.05,1
3,2/22/20,NEWPORT SMOOTH SELECT 100 BX,2610000668,1,50823,6.22,6.05,1
3,2/23/20,NEWPORT SMOOTH SELECT 100 BX,2610000668,1,50823,6.22,6.05,1
3,3/2/20,NEWPORT SMOOTH SELECT 100 BX,2610000668,1,50823,6.22,6.05,1
3,3/14/20,NEWPORT SMOOTH SELECT 100 BX,2610000668,1,50823,12.44,12.1,2
3,3/17/20,NEWPORT SMOOTH SELECT 100 BX,2610000668,1,50823,6.22,6.05,1
3,4/13/20,NEWPORT SMOOTH SELECT 100 BX,2610000668,1,50823,6.22,6.2,1
3,4/16/20,NEWPORT SMOOTH SELECT 100 BX,2610000668,1,50823,6.22,6.2,1
3,4/20/20,NEWPORT SMOOTH SELECT 100 BX,2610000668,1,50823,6.22,6.2,1
3,4/21/20,NEWPORT SMOOTH SELECT 100 BX,2610000668,1,50823,6.22,6.2,1
3,4/25/20,NEWPORT SMOOTH SELECT 100 BX,2610000668,1,50823,6.22,6.2,1
3,5/2/20,NEWPORT SMOOTH SELECT 100 BX,2610000668,1,50823,6.22,6.2,1
3,5/2/20,NEWPORT SMOOTH SELECT 100 BX,2610000668,1,50823,12.44,9.5,2
3,5/3/20,NEWPORT SMOOTH SELECT 100 BX,2610000668,1,50823,12.44,9.5,2
3,2/8/20,NEWPORT SMOOTH SELECT BX,2610000670,1,50871,6.11,5.93,1
3,2/18/20,NEWPORT SMOOTH SELECT BX,2610000670,1,50871,6.22,6.05,1
3,2/22/20,NEWPORT SMOOTH SELECT BX,2610000670,1,50871,6.22,6.05,1
3,2/23/20,NEWPORT SMOOTH SELECT BX,2610000670,1,50871,12.44,12.1,2
3,3/14/20,NEWPORT SMOOTH SELECT BX,2610000670,1,50871,6.22,6.05,1
3,3/21/20,NEWPORT SMOOTH SELECT BX,2610000670,1,50871,12.44,12.1,2
3,4/6/20,NEWPORT SMOOTH SELECT BX,2610000670,1,50871,12.44,12.1,2
3,4/18/20,NEWPORT SMOOTH SELECT BX,2610000670,1,50871,6.22,6.2,1
3,2/11/20,PALL MALL BLUE BX 100  50 OFF,2720000387,1,50755,4.71,4.33,1
3,2/13/20,PALL MALL BLUE BX 100  50 OFF,2720000387,1,50755,9.42,8.66,2
3,2/14/20,PALL MALL BLUE BX 100  50 OFF,2720000387,1,50755,47.09,43.3,10
3,2/16/20,PALL MALL BLUE BX 100  50 OFF,2720000387,1,50755,23.55,21.65,5
3,2/17/20,PALL MALL BLUE BX 100  50 OFF,2720000387,1,50755,9.42,8.66,2
3,2/18/20,PALL MALL BLUE BX 100  50 OFF,2720000387,1,50755,14.43,13.11,3
3,2/19/20,PALL MALL BLUE BX 100  50 OFF,2720000387,1,50755,14.43,13.35,3
3,2/20/20,PALL MALL BLUE BX 100  50 OFF,2720000387,1,50755,14.43,13.35,3
3,2/21/20,PALL MALL BLUE BX 100  50 OFF,2720000387,1,50755,62.54,57.85,13
3,2/23/20,PALL MALL BLUE BX 100  50 OFF,2720000387,1,50755,52.92,48.95,11
3,2/24/20,PALL MALL BLUE BX 100  50 OFF,2720000387,1,50755,9.62,8.9,2
3,2/25/20,PALL MALL BLUE BX 100  50 OFF,2720000387,1,50755,4.81,4.45,1
3,2/26/20,PALL MALL BLUE BX 100  50 OFF,2720000387,1,50755,4.81,4.45,1
3,2/27/20,PALL MALL BLUE BX 100  50 OFF,2720000387,1,50755,4.81,4.45,1
3,2/28/20,PALL MALL BLUE BX 100  50 OFF,2720000387,1,50755,4.81,4.45,1
3,3/9/20,PALL MALL BLUE BX 100  50 OFF,2720000387,1,50755,24.06,22.25,5
3,3/10/20,PALL MALL BLUE BX 100  50 OFF,2720000387,1,50755,4.81,4.45,1
3,3/13/20,PALL MALL BLUE BX 100  50 OFF,2720000387,1,50755,86.6,80.1,18
3,3/14/20,PALL MALL BLUE BX 100  50 OFF,2720000387,1,50755,24.06,22.25,5
3,3/15/20,PALL MALL BLUE BX 100  50 OFF,2720000387,1,50755,9.62,8.9,2
3,3/18/20,PALL MALL BLUE BX 100  50 OFF,2720000387,1,50755,4.81,4.45,1
3,3/19/20,PALL MALL BLUE BX 100  50 OFF,2720000387,1,50755,14.43,13.35,3
3,3/20/20,PALL MALL BLUE BX 100  50 OFF,2720000387,1,50755,24.06,22.25,5
3,3/21/20,PALL MALL BLUE BX 100  50 OFF,2720000387,1,50755,9.62,8.9,2
3,3/22/20,PALL MALL BLUE BX 100  50 OFF,2720000387,1,50755,9.62,8.9,2
3,3/23/20,PALL MALL BLUE BX 100  50 OFF,2720000387,1,50755,9.62,8.9,2
3,3/24/20,PALL MALL BLUE BX 100  50 OFF,2720000387,1,50755,19.24,17.8,4
3,4/14/20,PALL MALL BLUE BX 100  50 OFF,2720000387,1,50755,62.54,55.9,13
3,4/16/20,PALL MALL BLUE BX 100  50 OFF,2720000387,1,50755,4.81,4.45,1
3,4/17/20,PALL MALL BLUE BX 100  50 OFF,2720000387,1,50755,19.24,17.2,4
3,4/18/20,PALL MALL BLUE BX 100  50 OFF,2720000387,1,50755,4.81,4.45,1
3,4/18/20,PALL MALL BLUE BX 100  50 OFF,2720000387,1,50755,9.62,8.6,2
3,4/19/20,PALL MALL BLUE BX 100  50 OFF,2720000387,1,50755,62.54,55.9,13
3,4/21/20,PALL MALL BLUE BX 100  50 OFF,2720000387,1,50755,4.81,4.45,1
3,4/21/20,PALL MALL BLUE BX 100  50 OFF,2720000387,1,50755,14.43,12.9,3
3,4/22/20,PALL MALL BLUE BX 100  50 OFF,2720000387,1,50755,4.81,4.45,1
3,4/24/20,PALL MALL BLUE BX 100  50 OFF,2720000387,1,50755,4.81,4.45,1
3,4/24/20,PALL MALL BLUE BX 100  50 OFF,2720000387,1,50755,28.87,25.8,6
3,4/25/20,PALL MALL BLUE BX 100  50 OFF,2720000387,1,50755,4.81,4.45,1
3,4/26/20,PALL MALL BLUE BX 100  50 OFF,2720000387,1,50755,14.43,12.9,3
3,3/10/20,PALL MALL BLUE BX KS  50 OFF,2720000388,1,50732,24.06,22.25,5
3,3/12/20,PALL MALL BLUE BX KS  50 OFF,2720000388,1,50732,24.06,22.25,5
3,3/13/20,PALL MALL BLUE BX KS  50 OFF,2720000388,1,50732,4.81,4.45,1
3,3/14/20,PALL MALL BLUE BX KS  50 OFF,2720000388,1,50732,24.06,22.25,5
3,3/15/20,PALL MALL BLUE BX KS  50 OFF,2720000388,1,50732,19.24,17.8,4
3,3/16/20,PALL MALL BLUE BX KS  50 OFF,2720000388,1,50732,19.24,17.8,4
3,3/17/20,PALL MALL BLUE BX KS  50 OFF,2720000388,1,50732,24.06,22.25,5
3,3/18/20,PALL MALL BLUE BX KS  50 OFF,2720000388,1,50732,24.06,22.25,5
3,4/13/20,PALL MALL BLUE BX KS  50 OFF,2720000388,1,50732,4.81,4.45,1
3,4/13/20,PALL MALL BLUE BX KS  50 OFF,2720000388,1,50732,19.24,17.2,4
3,4/14/20,PALL MALL BLUE BX KS  50 OFF,2720000388,1,50732,4.81,4.45,1
3,4/14/20,PALL MALL BLUE BX KS  50 OFF,2720000388,1,50732,28.87,25.8,6
3,4/15/20,PALL MALL BLUE BX KS  50 OFF,2720000388,1,50732,9.62,8.9,2
3,4/16/20,PALL MALL BLUE BX KS  50 OFF,2720000388,1,50732,4.81,4.45,1
3,4/16/20,PALL MALL BLUE BX KS  50 OFF,2720000388,1,50732,14.43,12.9,3
3,4/17/20,PALL MALL BLUE BX KS  50 OFF,2720000388,1,50732,4.81,4.45,1
3,4/17/20,PALL MALL BLUE BX KS  50 OFF,2720000388,1,50732,24.06,21.5,5
3,4/18/20,PALL MALL BLUE BX KS  50 OFF,2720000388,1,50732,9.62,8.9,2
3,4/19/20,PALL MALL BLUE BX KS  50 OFF,2720000388,1,50732,9.62,8.6,2
3,4/20/20,PALL MALL BLUE BX KS  50 OFF,2720000388,1,50732,52.92,47.3,11
3,2/5/20,PALL MALL CLAS M SILVER BX 100,2720000417,1,50885,5.21,4.83,1
3,3/11/20,PALL MALL CLAS M SILVER BX 100,2720000417,1,50885,10.62,9.9,2
3,4/21/20,PALL MALL CLAS M SILVER BX 100,2720000417,1,50885,10.62,9.6,2
3,5/1/20,PALL MALL CLAS M SILVER BX 100,2720000417,1,50885,21.24,17.8,4
3,2/10/20,PALL MALL MEN BX 100  50 OFF,2720000389,1,50727,4.71,4.33,1
3,2/11/20,PALL MALL MEN BX 100  50 OFF,2720000389,1,50727,14.13,12.99,3
3,2/12/20,PALL MALL MEN BX 100  50 OFF,2720000389,1,50727,14.13,12.99,3
3,2/14/20,PALL MALL MEN BX 100  50 OFF,2720000389,1,50727,23.55,21.65,5
3,2/15/20,PALL MALL MEN BX 100  50 OFF,2720000389,1,50727,14.13,12.99,3
3,2/16/20,PALL MALL MEN BX 100  50 OFF,2720000389,1,50727,9.42,8.66,2
3,2/17/20,PALL MALL MEN BX 100  50 OFF,2720000389,1,50727,14.13,12.99,3
3,2/18/20,PALL MALL MEN BX 100  50 OFF,2720000389,1,50727,19.24,17.8,4
3,2/19/20,PALL MALL MEN BX 100  50 OFF,2720000389,1,50727,19.24,17.8,4
3,2/21/20,PALL MALL MEN BX 100  50 OFF,2720000389,1,50727,4.81,4.45,1
3,3/9/20,PALL MALL MEN BX 100  50 OFF,2720000389,1,50727,24.06,22.25,5
3,3/10/20,PALL MALL MEN BX 100  50 OFF,2720000389,1,50727,28.87,26.7,6
3,3/11/20,PALL MALL MEN BX 100  50 OFF,2720000389,1,50727,19.24,17.8,4
3,3/12/20,PALL MALL MEN BX 100  50 OFF,2720000389,1,50727,28.87,26.7,6
3,3/13/20,PALL MALL MEN BX 100  50 OFF,2720000389,1,50727,24.06,22.25,5
3,3/14/20,PALL MALL MEN BX 100  50 OFF,2720000389,1,50727,4.81,4.45,1
3,3/15/20,PALL MALL MEN BX 100  50 OFF,2720000389,1,50727,19.24,17.8,4
3,3/16/20,PALL MALL MEN BX 100  50 OFF,2720000389,1,50727,19.24,17.8,4
3,3/17/20,PALL MALL MEN BX 100  50 OFF,2720000389,1,50727,14.43,13.35,3
3,3/18/20,PALL MALL MEN BX 100  50 OFF,2720000389,1,50727,14.43,13.35,3
3,3/19/20,PALL MALL MEN BX 100  50 OFF,2720000389,1,50727,24.06,22.25,5
3,3/20/20,PALL MALL MEN BX 100  50 OFF,2720000389,1,50727,9.62,8.9,2
3,3/21/20,PALL MALL MEN BX 100  50 OFF,2720000389,1,50727,14.43,13.35,3
3,3/22/20,PALL MALL MEN BX 100  50 OFF,2720000389,1,50727,4.81,4.45,1
3,4/16/20,PALL MALL MEN BX 100  50 OFF,2720000389,1,50727,4.81,4.45,1
3,2/10/20,PALL MALL RED BX 100  50 OFF,2720000391,1,50731,28.25,25.98,6
3,2/11/20,PALL MALL RED BX 100  50 OFF,2720000391,1,50731,18.84,17.32,4
3,2/12/20,PALL MALL RED BX 100  50 OFF,2720000391,1,50731,37.67,34.64,8
3,2/13/20,PALL MALL RED BX 100  50 OFF,2720000391,1,50731,18.84,17.32,4
3,2/14/20,PALL MALL RED BX 100  50 OFF,2720000391,1,50731,127.14,116.91,27
3,2/15/20,PALL MALL RED BX 100  50 OFF,2720000391,1,50731,23.55,21.65,5
3,2/16/20,PALL MALL RED BX 100  50 OFF,2720000391,1,50731,23.55,21.65,5
3,2/17/20,PALL MALL RED BX 100  50 OFF,2720000391,1,50731,14.13,12.99,3
3,2/18/20,PALL MALL RED BX 100  50 OFF,2720000391,1,50731,43.3,40.05,9
3,2/19/20,PALL MALL RED BX 100  50 OFF,2720000391,1,50731,24.06,22.25,5
3,2/20/20,PALL MALL RED BX 100  50 OFF,2720000391,1,50731,19.24,17.8,4
3,2/21/20,PALL MALL RED BX 100  50 OFF,2720000391,1,50731,38.49,35.6,8
3,3/9/20,PALL MALL RED BX 100  50 OFF,2720000391,1,50731,9.62,8.9,2
3,3/10/20,PALL MALL RED BX 100  50 OFF,2720000391,1,50731,9.62,8.9,2
3,3/11/20,PALL MALL RED BX 100  50 OFF,2720000391,1,50731,33.68,31.15,7
3,3/12/20,PALL MALL RED BX 100  50 OFF,2720000391,1,50731,14.43,13.35,3
3,3/13/20,PALL MALL RED BX 100  50 OFF,2720000391,1,50731,110.65,102.35,23
3,3/14/20,PALL MALL RED BX 100  50 OFF,2720000391,1,50731,28.87,26.7,6
3,3/15/20,PALL MALL RED BX 100  50 OFF,2720000391,1,50731,28.87,26.7,6
3,3/16/20,PALL MALL RED BX 100  50 OFF,2720000391,1,50731,14.43,13.35,3
3,3/17/20,PALL MALL RED BX 100  50 OFF,2720000391,1,50731,28.87,26.7,6
3,3/18/20,PALL MALL RED BX 100  50 OFF,2720000391,1,50731,19.24,17.8,4
3,3/19/20,PALL MALL RED BX 100  50 OFF,2720000391,1,50731,24.06,22.25,5
3,3/20/20,PALL MALL RED BX 100  50 OFF,2720000391,1,50731,105.84,97.9,22
3,3/21/20,PALL MALL RED BX 100  50 OFF,2720000391,1,50731,4.81,4.45,1
3,4/13/20,PALL MALL RED BX 100  50 OFF,2720000391,1,50731,14.43,13.35,3
3,4/13/20,PALL MALL RED BX 100  50 OFF,2720000391,1,50731,9.62,8.6,2
3,4/14/20,PALL MALL RED BX 100  50 OFF,2720000391,1,50731,14.43,12.9,3
3,4/15/20,PALL MALL RED BX 100  50 OFF,2720000391,1,50731,19.24,17.8,4
3,4/15/20,PALL MALL RED BX 100  50 OFF,2720000391,1,50731,9.62,8.6,2
3,4/16/20,PALL MALL RED BX 100  50 OFF,2720000391,1,50731,4.81,4.45,1
3,4/16/20,PALL MALL RED BX 100  50 OFF,2720000391,1,50731,19.24,17.2,4
3,4/17/20,PALL MALL RED BX 100  50 OFF,2720000391,1,50731,14.43,13.35,3
3,4/17/20,PALL MALL RED BX 100  50 OFF,2720000391,1,50731,105.84,94.6,22
3,4/18/20,PALL MALL RED BX 100  50 OFF,2720000391,1,50731,4.81,4.45,1
3,4/19/20,PALL MALL RED BX 100  50 OFF,2720000391,1,50731,14.43,13.35,3
3,4/20/20,PALL MALL RED BX 100  50 OFF,2720000391,1,50731,14.43,13.35,3
3,4/20/20,PALL MALL RED BX 100  50 OFF,2720000391,1,50731,9.62,8.6,2
3,4/21/20,PALL MALL RED BX 100  50 OFF,2720000391,1,50731,28.87,26.7,6
3,4/22/20,PALL MALL RED BX 100  50 OFF,2720000391,1,50731,19.24,17.8,4
3,4/23/20,PALL MALL RED BX 100  50 OFF,2720000391,1,50731,24.06,22.25,5
3,4/23/20,PALL MALL RED BX 100  50 OFF,2720000391,1,50731,48.11,43,10
3,4/24/20,PALL MALL RED BX 100  50 OFF,2720000391,1,50731,33.68,31.15,7
3,4/25/20,PALL MALL RED BX 100  50 OFF,2720000391,1,50731,14.43,13.35,3
3,4/25/20,PALL MALL RED BX 100  50 OFF,2720000391,1,50731,9.62,8.6,2
3,3/9/20,PALL MALL RED BX KS  50 OFF,2720000392,1,50722,4.81,4.45,1
3,3/10/20,PALL MALL RED BX KS  50 OFF,2720000392,1,50722,4.81,4.45,1
3,3/11/20,PALL MALL RED BX KS  50 OFF,2720000392,1,50722,9.62,8.9,2
3,3/12/20,PALL MALL RED BX KS  50 OFF,2720000392,1,50722,9.62,8.9,2
3,3/13/20,PALL MALL RED BX KS  50 OFF,2720000392,1,50722,19.24,17.8,4
3,3/14/20,PALL MALL RED BX KS  50 OFF,2720000392,1,50722,19.24,17.8,4
3,3/15/20,PALL MALL RED BX KS  50 OFF,2720000392,1,50722,14.43,13.35,3
3,3/20/20,PALL MALL RED BX KS  50 OFF,2720000392,1,50722,9.62,8.9,2
3,3/21/20,PALL MALL RED BX KS  50 OFF,2720000392,1,50722,14.43,13.35,3
3,3/22/20,PALL MALL RED BX KS  50 OFF,2720000392,1,50722,4.81,4.45,1
3,3/24/20,PALL MALL RED BX KS  50 OFF,2720000392,1,50722,19.24,17.8,4
3,3/25/20,PALL MALL RED BX KS  50 OFF,2720000392,1,50722,4.81,4.45,1
3,4/18/20,PALL MALL RED BX KS  50 OFF,2720000392,1,50722,9.62,8.9,2
3,4/20/20,PALL MALL RED BX KS  50 OFF,2720000392,1,50722,9.62,8.6,2
3,4/22/20,PALL MALL RED BX KS  50 OFF,2720000392,1,50722,9.62,8.9,2
3,4/23/20,PALL MALL RED BX KS  50 OFF,2720000392,1,50722,4.81,4.45,1
3,4/23/20,PALL MALL RED BX KS  50 OFF,2720000392,1,50722,9.62,8.6,2
3,4/24/20,PALL MALL RED BX KS  50 OFF,2720000392,1,50722,4.81,4.45,1
3,4/26/20,PALL MALL RED BX KS  50 OFF,2720000392,1,50722,4.81,4.45,1
3,4/26/20,PALL MALL RED BX KS  50 OFF,2720000392,1,50722,9.62,8.6,2
3,4/27/20,PALL MALL RED BX KS  50 OFF,2720000392,1,50722,19.24,15.8,4
3,4/29/20,PALL MALL RED BX KS  50 OFF,2720000392,1,50722,4.81,3.98,1
3,2/6/20,PALLMALL BLACK 100 MEN BX,2720034728,1,50751,10.42,9.66,2
3,2/8/20,PALLMALL BLACK 100 MEN BX,2720034728,1,50751,10.42,9.66,2
3,2/9/20,PALLMALL BLACK 100 MEN BX,2720034728,1,50751,15.63,14.49,3
3,2/29/20,PALLMALL BLACK 100 MEN BX,2720034728,1,50751,5.31,4.95,1
3,3/1/20,PALLMALL BLACK 100 MEN BX,2720034728,1,50751,5.31,4.95,1
3,3/2/20,PALLMALL BLACK 100 MEN BX,2720034728,1,50751,15.93,14.85,3
3,3/3/20,PALLMALL BLACK 100 MEN BX,2720034728,1,50751,15.93,14.85,3
3,3/6/20,PALLMALL BLACK 100 MEN BX,2720034728,1,50751,10.62,9.9,2
3,3/7/20,PALLMALL BLACK 100 MEN BX,2720034728,1,50751,5.31,4.95,1
3,3/10/20,PALLMALL BLACK 100 MEN BX,2720034728,1,50751,21.24,19.8,4
3,3/11/20,PALLMALL BLACK 100 MEN BX,2720034728,1,50751,5.31,4.95,1
3,3/12/20,PALLMALL BLACK 100 MEN BX,2720034728,1,50751,5.31,4.95,1
3,3/13/20,PALLMALL BLACK 100 MEN BX,2720034728,1,50751,5.31,4.95,1
3,3/14/20,PALLMALL BLACK 100 MEN BX,2720034728,1,50751,15.93,14.85,3
3,3/17/20,PALLMALL BLACK 100 MEN BX,2720034728,1,50751,15.93,14.85,3
3,3/19/20,PALLMALL BLACK 100 MEN BX,2720034728,1,50751,5.31,4.95,1
3,3/24/20,PALLMALL BLACK 100 MEN BX,2720034728,1,50751,5.31,4.95,1
3,3/26/20,PALLMALL BLACK 100 MEN BX,2720034728,1,50751,5.31,4.95,1
3,3/27/20,PALLMALL BLACK 100 MEN BX,2720034728,1,50751,21.24,19.8,4
3,3/30/20,PALLMALL BLACK 100 MEN BX,2720034728,1,50751,5.31,4.95,1
3,4/4/20,PALLMALL BLACK 100 MEN BX,2720034728,1,50751,5.31,4.95,1
3,4/5/20,PALLMALL BLACK 100 MEN BX,2720034728,1,50751,5.31,4.95,1
3,4/6/20,PALLMALL BLACK 100 MEN BX,2720034728,1,50751,5.31,4.95,1
3,4/7/20,PALLMALL BLACK 100 MEN BX,2720034728,1,50751,5.31,4.95,1
3,4/8/20,PALLMALL BLACK 100 MEN BX,2720034728,1,50751,15.93,14.85,3
3,4/10/20,PALLMALL BLACK 100 MEN BX,2720034728,1,50751,10.62,9.9,2
3,4/11/20,PALLMALL BLACK 100 MEN BX,2720034728,1,50751,5.31,4.95,1
3,4/13/20,PALLMALL BLACK 100 MEN BX,2720034728,1,50751,5.31,4.95,1
3,4/14/20,PALLMALL BLACK 100 MEN BX,2720034728,1,50751,5.31,4.95,1
3,4/18/20,PALLMALL BLACK 100 MEN BX,2720034728,1,50751,5.31,4.95,1
3,4/22/20,PALLMALL BLACK 100 MEN BX,2720034728,1,50751,15.93,14.4,3
3,4/24/20,PALLMALL BLACK 100 MEN BX,2720034728,1,50751,5.31,4.95,1
3,4/25/20,PALLMALL BLACK 100 MEN BX,2720034728,1,50751,5.31,4.95,1
3,4/26/20,PALLMALL BLACK 100 MEN BX,2720034728,1,50751,5.31,4.95,1
3,4/29/20,PALLMALL BLACK 100 MEN BX,2720034728,1,50751,5.31,4.95,1
3,4/29/20,PALLMALL BLACK 100 MEN BX,2720034728,1,50751,10.62,8.9,2
3,5/1/20,PALLMALL BLACK 100 MEN BX,2720034728,1,50751,5.31,4.95,1
3,5/3/20,PALLMALL BLACK 100 MEN BX,2720034728,1,50751,5.31,4.95,1
3,2/29/20,PALLMALL BLACK KS MEN BX,2720034725,1,50789,5.31,4.95,1
3,3/4/20,PALLMALL BLACK KS MEN BX,2720034725,1,50789,5.31,4.95,1
3,3/9/20,PALLMALL BLACK KS MEN BX,2720034725,1,50789,5.31,4.95,1
3,3/16/20,PALLMALL BLACK KS MEN BX,2720034725,1,50789,10.62,9.9,2
3,3/22/20,PALLMALL BLACK KS MEN BX,2720034725,1,50789,5.31,4.95,1
3,3/23/20,PALLMALL BLACK KS MEN BX,2720034725,1,50789,5.31,4.95,1
3,3/27/20,PALLMALL BLACK KS MEN BX,2720034725,1,50789,10.62,9.9,2
3,4/1/20,PALLMALL BLACK KS MEN BX,2720034725,1,50789,5.31,4.95,1
3,4/3/20,PALLMALL BLACK KS MEN BX,2720034725,1,50789,5.31,4.95,1
3,4/18/20,PALLMALL BLACK KS MEN BX,2720034725,1,50789,5.31,4.95,1
3,4/25/20,PALLMALL BLACK KS MEN BX,2720034725,1,50789,5.31,4.95,1
3,2/10/20,PALLMALL BLACK MEN100 50 OFF,2720034740,1,50970,14.13,12.99,3
3,2/11/20,PALLMALL BLACK MEN100 50 OFF,2720034740,1,50970,4.71,4.33,1
3,2/13/20,PALLMALL BLACK MEN100 50 OFF,2720034740,1,50970,9.42,8.66,2
3,2/14/20,PALLMALL BLACK MEN100 50 OFF,2720034740,1,50970,9.42,8.66,2
3,2/15/20,PALLMALL BLACK MEN100 50 OFF,2720034740,1,50970,9.42,8.66,2
3,2/16/20,PALLMALL BLACK MEN100 50 OFF,2720034740,1,50970,4.71,4.33,1
3,2/18/20,PALLMALL BLACK MEN100 50 OFF,2720034740,1,50970,24.06,22.25,5
3,2/19/20,PALLMALL BLACK MEN100 50 OFF,2720034740,1,50970,4.81,4.45,1
3,2/21/20,PALLMALL BLACK MEN100 50 OFF,2720034740,1,50970,4.81,4.45,1
3,2/22/20,PALLMALL BLACK MEN100 50 OFF,2720034740,1,50970,4.81,4.45,1
3,2/23/20,PALLMALL BLACK MEN100 50 OFF,2720034740,1,50970,9.62,8.9,2
3,2/24/20,PALLMALL BLACK MEN100 50 OFF,2720034740,1,50970,14.43,13.35,3
3,2/26/20,PALLMALL BLACK MEN100 50 OFF,2720034740,1,50970,9.62,8.9,2
3,2/27/20,PALLMALL BLACK MEN100 50 OFF,2720034740,1,50970,9.62,8.9,2
3,2/28/20,PALLMALL BLACK MEN100 50 OFF,2720034740,1,50970,9.62,8.9,2
3,2/6/20,PALLMALL BLUE REG 100 BX,2720000862,1,50784,5.21,4.83,1
3,2/7/20,PALLMALL BLUE REG 100 BX,2720000862,1,50784,5.21,4.83,1
3,2/7/20,PALLMALL BLUE REG 100 BX,2720001862,10,50784,52.09,42.69,1
3,2/9/20,PALLMALL BLUE REG 100 BX,2720000862,1,50784,31.25,28.98,6
3,2/28/20,PALLMALL BLUE REG 100 BX,2720000862,1,50784,5.31,4.95,1
3,2/28/20,PALLMALL BLUE REG 100 BX,2720001862,10,50784,53.11,43.79,1
3,2/29/20,PALLMALL BLUE REG 100 BX,2720000862,1,50784,15.93,14.85,3
3,3/1/20,PALLMALL BLUE REG 100 BX,2720000862,1,50784,31.87,29.7,6
3,3/2/20,PALLMALL BLUE REG 100 BX,2720000862,1,50784,5.31,4.95,1
3,3/3/20,PALLMALL BLUE REG 100 BX,2720000862,1,50784,10.62,9.9,2
3,3/4/20,PALLMALL BLUE REG 100 BX,2720000862,1,50784,5.31,4.95,1
3,3/5/20,PALLMALL BLUE REG 100 BX,2720000862,1,50784,15.93,14.85,3
3,3/6/20,PALLMALL BLUE REG 100 BX,2720001862,10,50784,53.11,43.79,1
3,3/6/20,PALLMALL BLUE REG 100 BX,2720000862,1,50784,10.62,9.9,2
3,3/7/20,PALLMALL BLUE REG 100 BX,2720000862,1,50784,10.62,9.9,2
3,3/8/20,PALLMALL BLUE REG 100 BX,2720000862,1,50784,10.62,9.9,2
3,3/20/20,PALLMALL BLUE REG 100 BX,2720001862,10,50784,53.11,43.79,1
3,3/27/20,PALLMALL BLUE REG 100 BX,2720000862,1,50784,5.31,4.95,1
3,3/28/20,PALLMALL BLUE REG 100 BX,2720000862,1,50784,10.62,9.9,2
3,3/28/20,PALLMALL BLUE REG 100 BX,2720001862,10,50784,53.11,43.79,1
3,3/29/20,PALLMALL BLUE REG 100 BX,2720000862,1,50784,15.93,14.85,3
3,3/30/20,PALLMALL BLUE REG 100 BX,2720000862,1,50784,5.31,4.95,1
3,3/31/20,PALLMALL BLUE REG 100 BX,2720000862,1,50784,5.31,4.95,1
3,4/1/20,PALLMALL BLUE REG 100 BX,2720000862,1,50784,21.24,19.8,4
3,4/3/20,PALLMALL BLUE REG 100 BX,2720000862,1,50784,5.31,4.95,1
3,4/3/20,PALLMALL BLUE REG 100 BX,2720001862,10,50784,53.11,43.79,1
3,4/4/20,PALLMALL BLUE REG 100 BX,2720000862,1,50784,5.31,4.95,1
3,4/5/20,PALLMALL BLUE REG 100 BX,2720000862,1,50784,26.56,24.75,5
3,4/6/20,PALLMALL BLUE REG 100 BX,2720000862,1,50784,5.31,4.95,1
3,4/7/20,PALLMALL BLUE REG 100 BX,2720000862,1,50784,5.31,4.95,1
3,4/8/20,PALLMALL BLUE REG 100 BX,2720000862,1,50784,21.24,19.8,4
3,4/9/20,PALLMALL BLUE REG 100 BX,2720000862,1,50784,10.62,9.9,2
3,4/10/20,PALLMALL BLUE REG 100 BX,2720000862,1,50784,5.31,4.95,1
3,4/11/20,PALLMALL BLUE REG 100 BX,2720000862,1,50784,10.62,9.9,2
3,4/11/20,PALLMALL BLUE REG 100 BX,2720001862,10,50784,53.11,43.79,1
3,4/12/20,PALLMALL BLUE REG 100 BX,2720000862,1,50784,10.62,9.9,2
3,5/1/20,PALLMALL BLUE REG 100 BX,2720000862,1,50784,5.31,4.95,1
3,5/1/20,PALLMALL BLUE REG 100 BX,2720000862,1,50784,10.62,8.9,2
3,5/3/20,PALLMALL BLUE REG 100 BX,2720001862,10,50784,53.11,38.79,1
3,2/5/20,PALLMALL BLUE REG KS BX,2720000854,1,50769,15.63,14.49,3
3,2/6/20,PALLMALL BLUE REG KS BX,2720000854,1,50769,15.63,14.49,3
3,2/7/20,PALLMALL BLUE REG KS BX,2720000854,1,50769,26.05,24.15,5
3,2/8/20,PALLMALL BLUE REG KS BX,2720000854,1,50769,20.84,19.32,4
3,2/9/20,PALLMALL BLUE REG KS BX,2720000854,1,50769,26.05,24.15,5
3,2/10/20,PALLMALL BLUE REG KS BX,2720000854,1,50769,15.63,14.49,3
3,2/11/20,PALLMALL BLUE REG KS BX,2720000854,1,50769,26.05,24.15,5
3,2/13/20,PALLMALL BLUE REG KS BX,2720000854,1,50769,20.84,19.32,4
3,2/14/20,PALLMALL BLUE REG KS BX,2720000854,1,50769,5.21,4.83,1
3,2/15/20,PALLMALL BLUE REG KS BX,2720000854,1,50769,20.84,19.32,4
3,2/16/20,PALLMALL BLUE REG KS BX,2720000854,1,50769,26.05,24.15,5
3,2/17/20,PALLMALL BLUE REG KS BX,2720000854,1,50769,20.84,19.32,4
3,2/18/20,PALLMALL BLUE REG KS BX,2720000854,1,50769,10.62,9.9,2
3,2/19/20,PALLMALL BLUE REG KS BX,2720000854,1,50769,15.93,14.85,3
3,2/20/20,PALLMALL BLUE REG KS BX,2720000854,1,50769,15.93,14.85,3
3,2/22/20,PALLMALL BLUE REG KS BX,2720000854,1,50769,10.62,9.9,2
3,2/23/20,PALLMALL BLUE REG KS BX,2720000854,1,50769,37.18,34.65,7
3,2/24/20,PALLMALL BLUE REG KS BX,2720000854,1,50769,15.93,14.85,3
3,2/25/20,PALLMALL BLUE REG KS BX,2720000854,1,50769,15.93,14.85,3
3,2/27/20,PALLMALL BLUE REG KS BX,2720000854,1,50769,21.24,19.8,4
3,2/28/20,PALLMALL BLUE REG KS BX,2720000854,1,50769,15.93,14.85,3
3,2/29/20,PALLMALL BLUE REG KS BX,2720000854,1,50769,15.93,14.85,3
3,3/1/20,PALLMALL BLUE REG KS BX,2720000854,1,50769,15.93,14.85,3
3,3/2/20,PALLMALL BLUE REG KS BX,2720000854,1,50769,5.31,4.95,1
3,3/3/20,PALLMALL BLUE REG KS BX,2720000854,1,50769,10.62,9.9,2
3,3/4/20,PALLMALL BLUE REG KS BX,2720000854,1,50769,10.62,9.9,2
3,3/5/20,PALLMALL BLUE REG KS BX,2720000854,1,50769,31.87,29.7,6
3,3/6/20,PALLMALL BLUE REG KS BX,2720000854,1,50769,5.31,4.95,1
3,3/7/20,PALLMALL BLUE REG KS BX,2720000854,1,50769,10.62,9.9,2
3,3/8/20,PALLMALL BLUE REG KS BX,2720000854,1,50769,15.93,14.85,3
3,3/19/20,PALLMALL BLUE REG KS BX,2720000854,1,50769,15.93,14.85,3
3,3/21/20,PALLMALL BLUE REG KS BX,2720000854,1,50769,26.56,24.75,5
3,3/22/20,PALLMALL BLUE REG KS BX,2720000854,1,50769,31.87,29.7,6
3,3/23/20,PALLMALL BLUE REG KS BX,2720000854,1,50769,21.24,19.8,4
3,3/24/20,PALLMALL BLUE REG KS BX,2720000854,1,50769,15.93,14.85,3
3,3/25/20,PALLMALL BLUE REG KS BX,2720000854,1,50769,5.31,4.95,1
3,3/26/20,PALLMALL BLUE REG KS BX,2720000854,1,50769,5.31,4.95,1
3,3/27/20,PALLMALL BLUE REG KS BX,2720000854,1,50769,21.24,19.8,4
3,3/28/20,PALLMALL BLUE REG KS BX,2720000854,1,50769,31.87,29.7,6
3,3/29/20,PALLMALL BLUE REG KS BX,2720000854,1,50769,26.56,24.75,5
3,3/30/20,PALLMALL BLUE REG KS BX,2720000854,1,50769,26.56,24.75,5
3,3/31/20,PALLMALL BLUE REG KS BX,2720000854,1,50769,31.87,29.7,6
3,4/1/20,PALLMALL BLUE REG KS BX,2720000854,1,50769,15.93,14.85,3
3,4/2/20,PALLMALL BLUE REG KS BX,2720000854,1,50769,15.93,14.85,3
3,4/3/20,PALLMALL BLUE REG KS BX,2720000854,1,50769,10.62,9.9,2
3,4/4/20,PALLMALL BLUE REG KS BX,2720000854,1,50769,15.93,14.85,3
3,4/5/20,PALLMALL BLUE REG KS BX,2720000854,1,50769,26.56,24.75,5
3,4/6/20,PALLMALL BLUE REG KS BX,2720000854,1,50769,15.93,14.85,3
3,4/7/20,PALLMALL BLUE REG KS BX,2720000854,1,50769,10.62,9.9,2
3,4/8/20,PALLMALL BLUE REG KS BX,2720000854,1,50769,31.87,29.7,6
3,4/9/20,PALLMALL BLUE REG KS BX,2720000854,1,50769,5.31,4.95,1
3,4/10/20,PALLMALL BLUE REG KS BX,2720000854,1,50769,26.56,24.75,5
3,4/11/20,PALLMALL BLUE REG KS BX,2720000854,1,50769,21.24,19.8,4
3,4/12/20,PALLMALL BLUE REG KS BX,2720000854,1,50769,21.24,19.8,4
3,4/13/20,PALLMALL BLUE REG KS BX,2720000854,1,50769,5.31,4.95,1
3,4/21/20,PALLMALL BLUE REG KS BX,2720000854,1,50769,10.62,9.6,2
3,4/22/20,PALLMALL BLUE REG KS BX,2720000854,1,50769,5.31,4.95,1
3,4/22/20,PALLMALL BLUE REG KS BX,2720000854,1,50769,10.62,9.6,2
3,4/24/20,PALLMALL BLUE REG KS BX,2720000854,1,50769,26.56,24,5
3,4/25/20,PALLMALL BLUE REG KS BX,2720000854,1,50769,26.56,24,5
3,4/26/20,PALLMALL BLUE REG KS BX,2720001854,10,50769,53.11,42.29,1
3,4/26/20,PALLMALL BLUE REG KS BX,2720000854,1,50769,15.93,14.4,3
3,4/30/20,PALLMALL BLUE REG KS BX,2720000854,1,50769,5.31,4.95,1
3,4/30/20,PALLMALL BLUE REG KS BX,2720000854,1,50769,10.62,8.9,2
3,5/2/20,PALLMALL BLUE REG KS BX,2720000854,1,50769,15.93,13.35,3
3,5/3/20,PALLMALL BLUE REG KS BX,2720000854,1,50769,10.62,8.9,2
3,2/6/20,PALLMALL MEN 100 BX,2720000865,1,50786,10.42,9.66,2
3,2/7/20,PALLMALL MEN 100 BX,2720000865,1,50786,10.42,9.66,2
3,2/8/20,PALLMALL MEN 100 BX,2720000865,1,50786,10.42,9.66,2
3,2/9/20,PALLMALL MEN 100 BX,2720000865,1,50786,10.42,9.66,2
3,2/10/20,PALLMALL MEN 100 BX,2720000865,1,50786,15.63,14.49,3
3,2/14/20,PALLMALL MEN 100 BX,2720001865,10,50786,52.09,42.69,1
3,2/22/20,PALLMALL MEN 100 BX,2720000865,1,50786,26.56,24.75,5
3,2/23/20,PALLMALL MEN 100 BX,2720000865,1,50786,21.24,19.8,4
3,2/24/20,PALLMALL MEN 100 BX,2720000865,1,50786,5.31,4.95,1
3,2/25/20,PALLMALL MEN 100 BX,2720000865,1,50786,5.31,4.95,1
3,2/26/20,PALLMALL MEN 100 BX,2720000865,1,50786,10.62,9.9,2
3,2/27/20,PALLMALL MEN 100 BX,2720000865,1,50786,10.62,9.9,2
3,2/28/20,PALLMALL MEN 100 BX,2720000865,1,50786,15.93,14.85,3
3,2/29/20,PALLMALL MEN 100 BX,2720000865,1,50786,15.93,14.85,3
3,3/1/20,PALLMALL MEN 100 BX,2720000865,1,50786,10.62,9.9,2
3,3/2/20,PALLMALL MEN 100 BX,2720000865,1,50786,15.93,14.85,3
3,3/3/20,PALLMALL MEN 100 BX,2720000865,1,50786,21.24,19.8,4
3,3/4/20,PALLMALL MEN 100 BX,2720000865,1,50786,21.24,19.8,4
3,3/5/20,PALLMALL MEN 100 BX,2720000865,1,50786,10.62,9.9,2
3,3/6/20,PALLMALL MEN 100 BX,2720000865,1,50786,26.56,24.75,5
3,3/7/20,PALLMALL MEN 100 BX,2720000865,1,50786,15.93,14.85,3
3,3/8/20,PALLMALL MEN 100 BX,2720000865,1,50786,10.62,9.9,2
3,3/22/20,PALLMALL MEN 100 BX,2720000865,1,50786,15.93,14.85,3
3,3/24/20,PALLMALL MEN 100 BX,2720000865,1,50786,10.62,9.9,2
3,3/25/20,PALLMALL MEN 100 BX,2720000865,1,50786,15.93,14.85,3
3,3/26/20,PALLMALL MEN 100 BX,2720000865,1,50786,21.24,19.8,4
3,3/27/20,PALLMALL MEN 100 BX,2720000865,1,50786,21.24,19.8,4
3,3/28/20,PALLMALL MEN 100 BX,2720000865,1,50786,21.24,19.8,4
3,3/29/20,PALLMALL MEN 100 BX,2720000865,1,50786,15.93,14.85,3
3,3/30/20,PALLMALL MEN 100 BX,2720000865,1,50786,15.93,14.85,3
3,3/31/20,PALLMALL MEN 100 BX,2720000865,1,50786,15.93,14.85,3
3,4/1/20,PALLMALL MEN 100 BX,2720000865,1,50786,10.62,9.9,2
3,4/2/20,PALLMALL MEN 100 BX,2720000865,1,50786,15.93,14.85,3
3,4/3/20,PALLMALL MEN 100 BX,2720000865,1,50786,31.87,29.7,6
3,4/4/20,PALLMALL MEN 100 BX,2720000865,1,50786,5.31,4.95,1
3,4/5/20,PALLMALL MEN 100 BX,2720000865,1,50786,15.93,14.85,3
3,4/6/20,PALLMALL MEN 100 BX,2720000865,1,50786,26.56,24.75,5
3,4/7/20,PALLMALL MEN 100 BX,2720000865,1,50786,5.31,4.95,1
3,4/8/20,PALLMALL MEN 100 BX,2720000865,1,50786,21.24,19.8,4
3,4/9/20,PALLMALL MEN 100 BX,2720000865,1,50786,10.62,9.9,2
3,4/10/20,PALLMALL MEN 100 BX,2720000865,1,50786,5.31,4.95,1
3,4/11/20,PALLMALL MEN 100 BX,2720000865,1,50786,5.31,4.95,1
3,4/12/20,PALLMALL MEN 100 BX,2720000865,1,50786,5.31,4.95,1
3,4/13/20,PALLMALL MEN 100 BX,2720000865,1,50786,10.62,9.9,2
3,4/14/20,PALLMALL MEN 100 BX,2720000865,1,50786,10.62,9.9,2
3,4/16/20,PALLMALL MEN 100 BX,2720000865,1,50786,15.93,14.4,3
3,4/17/20,PALLMALL MEN 100 BX,2720000865,1,50786,5.31,4.95,1
3,4/18/20,PALLMALL MEN 100 BX,2720000865,1,50786,5.31,4.95,1
3,4/19/20,PALLMALL MEN 100 BX,2720000865,1,50786,5.31,4.95,1
3,4/20/20,PALLMALL MEN 100 BX,2720000865,1,50786,5.31,4.95,1
3,4/22/20,PALLMALL MEN 100 BX,2720000865,1,50786,5.31,4.95,1
3,4/23/20,PALLMALL MEN 100 BX,2720000865,1,50786,5.31,4.95,1
3,4/24/20,PALLMALL MEN 100 BX,2720000865,1,50786,21.24,19.8,4
3,4/25/20,PALLMALL MEN 100 BX,2720000865,1,50786,21.24,19.8,4
3,4/26/20,PALLMALL MEN 100 BX,2720000865,1,50786,5.31,4.95,1
3,4/27/20,PALLMALL MEN 100 BX,2720000865,1,50786,15.93,14.85,3
3,4/29/20,PALLMALL MEN 100 BX,2720000865,1,50786,5.31,4.95,1
3,4/30/20,PALLMALL MEN 100 BX,2720000865,1,50786,5.31,4.95,1
3,5/1/20,PALLMALL MEN 100 BX,2720000865,1,50786,10.62,9.9,2
3,5/3/20,PALLMALL MEN 100 BX,2720000865,1,50786,10.62,9.9,2
3,2/6/20,PALLMALL MEN KS BX,2720000859,1,50778,15.63,14.49,3
3,2/7/20,PALLMALL MEN KS BX,2720000859,1,50778,10.42,9.66,2
3,2/9/20,PALLMALL MEN KS BX,2720000859,1,50778,5.21,4.83,1
3,2/10/20,PALLMALL MEN KS BX,2720000859,1,50778,5.21,4.83,1
3,2/11/20,PALLMALL MEN KS BX,2720000859,1,50778,5.21,4.83,1
3,2/12/20,PALLMALL MEN KS BX,2720000859,1,50778,10.42,9.66,2
3,2/13/20,PALLMALL MEN KS BX,2720000859,1,50778,10.42,9.66,2
3,2/14/20,PALLMALL MEN KS BX,2720000859,1,50778,15.63,14.49,3
3,2/15/20,PALLMALL MEN KS BX,2720000859,1,50778,5.21,4.83,1
3,2/17/20,PALLMALL MEN KS BX,2720000859,1,50778,5.21,4.83,1
3,2/19/20,PALLMALL MEN KS BX,2720000859,1,50778,5.31,4.95,1
3,2/20/20,PALLMALL MEN KS BX,2720000859,1,50778,10.62,9.9,2
3,2/21/20,PALLMALL MEN KS BX,2720000859,1,50778,10.62,9.9,2
3,2/23/20,PALLMALL MEN KS BX,2720000859,1,50778,10.62,9.9,2
3,2/24/20,PALLMALL MEN KS BX,2720000859,1,50778,5.31,4.95,1
3,2/26/20,PALLMALL MEN KS BX,2720000859,1,50778,5.31,4.95,1
3,2/27/20,PALLMALL MEN KS BX,2720000859,1,50778,10.62,9.9,2
3,2/28/20,PALLMALL MEN KS BX,2720000859,1,50778,10.62,9.9,2
3,2/29/20,PALLMALL MEN KS BX,2720000859,1,50778,5.31,4.95,1
3,3/2/20,PALLMALL MEN KS BX,2720000859,1,50778,5.31,4.95,1
3,3/5/20,PALLMALL MEN KS BX,2720000859,1,50778,5.31,4.95,1
3,3/7/20,PALLMALL MEN KS BX,2720000859,1,50778,10.62,9.9,2
3,3/8/20,PALLMALL MEN KS BX,2720000859,1,50778,5.31,4.95,1
3,3/11/20,PALLMALL MEN KS BX,2720000859,1,50778,10.62,9.9,2
3,3/12/20,PALLMALL MEN KS BX,2720000859,1,50778,5.31,4.95,1
3,3/13/20,PALLMALL MEN KS BX,2720000859,1,50778,5.31,4.95,1
3,3/16/20,PALLMALL MEN KS BX,2720000859,1,50778,5.31,4.95,1
3,3/20/20,PALLMALL MEN KS BX,2720000859,1,50778,5.31,4.95,1
3,3/22/20,PALLMALL MEN KS BX,2720000859,1,50778,10.62,9.9,2
3,3/23/20,PALLMALL MEN KS BX,2720000859,1,50778,5.31,4.95,1
3,3/25/20,PALLMALL MEN KS BX,2720000859,1,50778,15.93,14.85,3
3,3/27/20,PALLMALL MEN KS BX,2720000859,1,50778,5.31,4.95,1
3,3/28/20,PALLMALL MEN KS BX,2720000859,1,50778,10.62,9.9,2
3,3/29/20,PALLMALL MEN KS BX,2720000859,1,50778,10.62,9.9,2
3,4/1/20,PALLMALL MEN KS BX,2720000859,1,50778,10.62,9.9,2
3,4/2/20,PALLMALL MEN KS BX,2720000859,1,50778,10.62,9.9,2
3,4/4/20,PALLMALL MEN KS BX,2720000859,1,50778,10.62,9.9,2
3,4/5/20,PALLMALL MEN KS BX,2720000859,1,50778,5.31,4.95,1
3,4/6/20,PALLMALL MEN KS BX,2720000859,1,50778,5.31,4.95,1
3,4/10/20,PALLMALL MEN KS BX,2720000859,1,50778,26.56,24.75,5
3,4/11/20,PALLMALL MEN KS BX,2720000859,1,50778,5.31,4.95,1
3,4/12/20,PALLMALL MEN KS BX,2720000859,1,50778,10.62,9.9,2
3,4/17/20,PALLMALL MEN KS BX,2720000859,1,50778,5.31,4.95,1
3,4/18/20,PALLMALL MEN KS BX,2720000859,1,50778,5.31,4.95,1
3,4/18/20,PALLMALL MEN KS BX,2720000859,1,50778,10.62,9.6,2
3,4/19/20,PALLMALL MEN KS BX,2720000859,1,50778,5.31,4.95,1
3,4/20/20,PALLMALL MEN KS BX,2720000859,1,50778,10.62,9.6,2
3,4/23/20,PALLMALL MEN KS BX,2720000859,1,50778,31.87,28.8,6
3,4/24/20,PALLMALL MEN KS BX,2720000859,1,50778,5.31,4.95,1
3,4/25/20,PALLMALL MEN KS BX,2720000859,1,50778,5.31,4.95,1
3,4/26/20,PALLMALL MEN KS BX,2720000859,1,50778,5.31,4.95,1
3,4/30/20,PALLMALL MEN KS BX,2720000859,1,50778,5.31,4.95,1
3,5/1/20,PALLMALL MEN KS BX,2720000859,1,50778,5.31,4.95,1
3,2/5/20,PALLMALL ORANGE REG 100 BX,2720000185,1,50764,5.21,4.83,1
3,2/6/20,PALLMALL ORANGE REG 100 BX,2720000185,1,50764,36.46,33.81,7
3,2/7/20,PALLMALL ORANGE REG 100 BX,2720000185,1,50764,5.21,4.83,1
3,2/8/20,PALLMALL ORANGE REG 100 BX,2720000185,1,50764,5.21,4.83,1
3,2/9/20,PALLMALL ORANGE REG 100 BX,2720000185,1,50764,5.21,4.83,1
3,2/10/20,PALLMALL ORANGE REG 100 BX,2720000185,1,50764,10.42,9.66,2
3,2/12/20,PALLMALL ORANGE REG 100 BX,2720000185,1,50764,5.21,4.83,1
3,2/13/20,PALLMALL ORANGE REG 100 BX,2720000185,1,50764,5.21,4.83,1
3,2/15/20,PALLMALL ORANGE REG 100 BX,2720000185,1,50764,5.21,4.83,1
3,2/17/20,PALLMALL ORANGE REG 100 BX,2720000185,1,50764,10.42,9.66,2
3,2/18/20,PALLMALL ORANGE REG 100 BX,2720000185,1,50764,5.31,4.95,1
3,2/20/20,PALLMALL ORANGE REG 100 BX,2720000185,1,50764,10.62,9.9,2
3,2/22/20,PALLMALL ORANGE REG 100 BX,2720000185,1,50764,10.62,9.9,2
3,2/24/20,PALLMALL ORANGE REG 100 BX,2720000185,1,50764,5.31,4.95,1
3,2/27/20,PALLMALL ORANGE REG 100 BX,2720000185,1,50764,15.93,14.85,3
3,3/4/20,PALLMALL ORANGE REG 100 BX,2720000185,1,50764,5.31,4.95,1
3,3/5/20,PALLMALL ORANGE REG 100 BX,2720000185,1,50764,5.31,4.95,1
3,3/6/20,PALLMALL ORANGE REG 100 BX,2720000185,1,50764,5.31,4.95,1
3,3/7/20,PALLMALL ORANGE REG 100 BX,2720000185,1,50764,5.31,4.95,1
3,3/8/20,PALLMALL ORANGE REG 100 BX,2720000185,1,50764,10.62,9.9,2
3,3/9/20,PALLMALL ORANGE REG 100 BX,2720000185,1,50764,5.31,4.95,1
3,3/16/20,PALLMALL ORANGE REG 100 BX,2720000185,1,50764,5.31,4.95,1
3,3/17/20,PALLMALL ORANGE REG 100 BX,2720000185,1,50764,5.31,4.95,1
3,3/18/20,PALLMALL ORANGE REG 100 BX,2720000185,1,50764,10.62,9.9,2
3,3/19/20,PALLMALL ORANGE REG 100 BX,2720073152,10,50764,53.11,43.79,1
3,3/19/20,PALLMALL ORANGE REG 100 BX,2720000185,1,50764,5.31,4.95,1
3,3/23/20,PALLMALL ORANGE REG 100 BX,2720000185,1,50764,5.31,4.95,1
3,3/25/20,PALLMALL ORANGE REG 100 BX,2720000185,1,50764,10.62,9.9,2
3,3/26/20,PALLMALL ORANGE REG 100 BX,2720000185,1,50764,10.62,9.9,2
3,3/27/20,PALLMALL ORANGE REG 100 BX,2720000185,1,50764,10.62,9.9,2
3,3/28/20,PALLMALL ORANGE REG 100 BX,2720000185,1,50764,10.62,9.9,2
3,3/29/20,PALLMALL ORANGE REG 100 BX,2720000185,1,50764,5.31,4.95,1
3,3/30/20,PALLMALL ORANGE REG 100 BX,2720000185,1,50764,5.31,4.95,1
3,3/31/20,PALLMALL ORANGE REG 100 BX,2720000185,1,50764,10.62,9.9,2
3,4/1/20,PALLMALL ORANGE REG 100 BX,2720000185,1,50764,5.31,4.95,1
3,4/3/20,PALLMALL ORANGE REG 100 BX,2720000185,1,50764,37.18,34.65,7
3,4/5/20,PALLMALL ORANGE REG 100 BX,2720000185,1,50764,5.31,4.95,1
3,4/6/20,PALLMALL ORANGE REG 100 BX,2720000185,1,50764,15.93,14.85,3
3,4/11/20,PALLMALL ORANGE REG 100 BX,2720000185,1,50764,15.93,14.85,3
3,4/14/20,PALLMALL ORANGE REG 100 BX,2720000185,1,50764,5.31,4.95,1
3,4/19/20,PALLMALL ORANGE REG 100 BX,2720000185,1,50764,5.31,4.95,1
3,4/21/20,PALLMALL ORANGE REG 100 BX,2720000185,1,50764,5.31,4.95,1
3,4/22/20,PALLMALL ORANGE REG 100 BX,2720000185,1,50764,5.31,4.95,1
3,4/24/20,PALLMALL ORANGE REG 100 BX,2720000185,1,50764,10.62,9.9,2
3,4/26/20,PALLMALL ORANGE REG 100 BX,2720000185,1,50764,5.31,4.95,1
3,4/27/20,PALLMALL ORANGE REG 100 BX,2720000185,1,50764,15.93,13.35,3
3,4/29/20,PALLMALL ORANGE REG 100 BX,2720000185,1,50764,5.31,4.95,1
3,5/2/20,PALLMALL ORANGE REG 100 BX,2720000185,1,50764,5.31,4.95,1
3,2/18/20,PALLMALL ORANGE RG KS BX,2720000175,1,50776,5.31,4.95,1
3,2/21/20,PALLMALL ORANGE RG KS BX,2720000175,1,50776,5.31,4.95,1
3,3/5/20,PALLMALL ORANGE RG KS BX,2720000175,1,50776,15.93,14.85,3
3,3/8/20,PALLMALL ORANGE RG KS BX,2720000175,1,50776,5.31,4.95,1
3,3/14/20,PALLMALL ORANGE RG KS BX,2720000175,1,50776,5.31,4.95,1
3,4/7/20,PALLMALL ORANGE RG KS BX,2720000175,1,50776,5.31,4.95,1
3,4/10/20,PALLMALL ORANGE RG KS BX,2720000175,1,50776,5.31,4.95,1
3,4/20/20,PALLMALL ORANGE RG KS BX,2720000175,1,50776,5.31,4.95,1
3,2/5/20,PALLMALL RED KS BX,2720000851,1,50788,15.63,14.49,3
3,2/6/20,PALLMALL RED KS BX,2720000851,1,50788,5.21,4.83,1
3,2/7/20,PALLMALL RED KS BX,2720000851,1,50788,20.84,19.32,4
3,2/8/20,PALLMALL RED KS BX,2720000851,1,50788,5.21,4.83,1
3,2/9/20,PALLMALL RED KS BX,2720000851,1,50788,26.05,24.15,5
3,2/10/20,PALLMALL RED KS BX,2720000851,1,50788,10.42,9.66,2
3,2/11/20,PALLMALL RED KS BX,2720000851,1,50788,10.42,9.66,2
3,2/13/20,PALLMALL RED KS BX,2720000851,1,50788,5.21,4.83,1
3,2/14/20,PALLMALL RED KS BX,2720000851,1,50788,5.21,4.83,1
3,2/15/20,PALLMALL RED KS BX,2720000851,1,50788,5.21,4.83,1
3,2/16/20,PALLMALL RED KS BX,2720000851,1,50788,20.84,19.32,4
3,2/17/20,PALLMALL RED KS BX,2720000851,1,50788,5.21,4.83,1
3,2/18/20,PALLMALL RED KS BX,2720000851,1,50788,5.31,4.83,1
3,2/19/20,PALLMALL RED KS BX,2720000851,1,50788,10.62,9.9,2
3,2/20/20,PALLMALL RED KS BX,2720000851,1,50788,10.62,9.9,2
3,2/21/20,PALLMALL RED KS BX,2720000851,1,50788,5.31,4.95,1
3,2/22/20,PALLMALL RED KS BX,2720000851,1,50788,5.31,4.95,1
3,2/23/20,PALLMALL RED KS BX,2720000851,1,50788,5.31,4.95,1
3,2/24/20,PALLMALL RED KS BX,2720000851,1,50788,15.93,14.85,3
3,2/25/20,PALLMALL RED KS BX,2720000851,1,50788,5.31,4.95,1
3,2/26/20,PALLMALL RED KS BX,2720000851,1,50788,5.31,4.95,1
3,2/27/20,PALLMALL RED KS BX,2720000851,1,50788,5.31,4.95,1
3,2/28/20,PALLMALL RED KS BX,2720000851,1,50788,5.31,4.95,1
3,2/29/20,PALLMALL RED KS BX,2720000851,1,50788,10.62,9.9,2
3,3/1/20,PALLMALL RED KS BX,2720000851,1,50788,5.31,4.95,1
3,3/2/20,PALLMALL RED KS BX,2720000851,1,50788,10.62,9.9,2
3,3/3/20,PALLMALL RED KS BX,2720000851,1,50788,21.24,19.8,4
3,3/4/20,PALLMALL RED KS BX,2720000851,1,50788,21.24,19.8,4
3,3/5/20,PALLMALL RED KS BX,2720000851,1,50788,15.93,14.85,3
3,3/6/20,PALLMALL RED KS BX,2720000851,1,50788,5.31,4.95,1
3,3/7/20,PALLMALL RED KS BX,2720000851,1,50788,15.93,14.85,3
3,3/8/20,PALLMALL RED KS BX,2720000851,1,50788,31.87,29.7,6
3,3/9/20,PALLMALL RED KS BX,2720000851,1,50788,10.62,9.9,2
3,3/26/20,PALLMALL RED KS BX,2720000851,1,50788,5.31,4.95,1
3,3/27/20,PALLMALL RED KS BX,2720000851,1,50788,10.62,9.9,2
3,3/28/20,PALLMALL RED KS BX,2720000851,1,50788,5.31,4.95,1
3,3/29/20,PALLMALL RED KS BX,2720000851,1,50788,10.62,9.9,2
3,3/30/20,PALLMALL RED KS BX,2720000851,1,50788,5.31,4.95,1
3,3/31/20,PALLMALL RED KS BX,2720000851,1,50788,10.62,9.9,2
3,4/1/20,PALLMALL RED KS BX,2720000851,1,50788,10.62,9.9,2
3,4/2/20,PALLMALL RED KS BX,2720000851,1,50788,5.31,4.95,1
3,4/4/20,PALLMALL RED KS BX,2720000851,1,50788,5.31,4.95,1
3,4/5/20,PALLMALL RED KS BX,2720000851,1,50788,5.31,4.95,1
3,4/8/20,PALLMALL RED KS BX,2720000851,1,50788,5.31,4.95,1
3,4/9/20,PALLMALL RED KS BX,2720000851,1,50788,10.62,9.9,2
3,4/10/20,PALLMALL RED KS BX,2720000851,1,50788,5.31,4.95,1
3,4/11/20,PALLMALL RED KS BX,2720000851,1,50788,15.93,14.85,3
3,4/12/20,PALLMALL RED KS BX,2720000851,1,50788,10.62,9.9,2
3,4/29/20,PALLMALL RED KS BX,2720000851,1,50788,5.31,4.95,1
3,4/29/20,PALLMALL RED KS BX,2720000851,1,50788,5.31,4.42,1
3,5/1/20,PALLMALL RED KS BX,2720000851,1,50788,5.31,4.95,1
3,5/1/20,PALLMALL RED KS BX,2720000851,1,50788,21.24,17.8,4
3,5/2/20,PALLMALL RED KS BX,2720000851,1,50788,5.31,4.45,1
3,5/3/20,PALLMALL RED KS BX,2720000851,1,50788,15.93,13.35,3
3,2/5/20,PALLMALL RED REG 100 BX,2720000867,1,50796,31.25,28.98,6
3,2/6/20,PALLMALL RED REG 100 BX,2720000867,1,50796,31.25,28.98,6
3,2/7/20,PALLMALL RED REG 100 BX,2720000867,1,50796,62.51,57.96,12
3,2/7/20,PALLMALL RED REG 100 BX,2720001867,10,50796,52.09,42.69,1
3,2/8/20,PALLMALL RED REG 100 BX,2720000867,1,50796,41.67,38.64,8
3,2/9/20,PALLMALL RED REG 100 BX,2720000867,1,50796,20.84,19.32,4
3,2/21/20,PALLMALL RED REG 100 BX,2720001867,10,50796,53.11,43.79,1
3,2/21/20,PALLMALL RED REG 100 BX,2720000867,1,50796,5.31,4.95,1
3,2/22/20,PALLMALL RED REG 100 BX,2720000867,1,50796,42.49,39.6,8
3,2/23/20,PALLMALL RED REG 100 BX,2720000867,1,50796,15.93,14.85,3
3,2/24/20,PALLMALL RED REG 100 BX,2720000867,1,50796,31.87,29.7,6
3,2/25/20,PALLMALL RED REG 100 BX,2720000867,1,50796,15.93,14.85,3
3,2/26/20,PALLMALL RED REG 100 BX,2720000867,1,50796,21.24,19.8,4
3,2/27/20,PALLMALL RED REG 100 BX,2720000867,1,50796,31.87,29.7,6
3,2/28/20,PALLMALL RED REG 100 BX,2720000867,1,50796,53.11,49.5,10
3,2/28/20,PALLMALL RED REG 100 BX,2720001867,10,50796,53.11,43.79,1
3,2/29/20,PALLMALL RED REG 100 BX,2720000867,1,50796,37.18,34.65,7
3,3/1/20,PALLMALL RED REG 100 BX,2720000867,1,50796,31.87,29.7,6
3,3/2/20,PALLMALL RED REG 100 BX,2720000867,1,50796,5.31,4.95,1
3,3/3/20,PALLMALL RED REG 100 BX,2720000867,1,50796,26.56,24.75,5
3,3/5/20,PALLMALL RED REG 100 BX,2720000867,1,50796,15.93,14.85,3
3,3/6/20,PALLMALL RED REG 100 BX,2720001867,10,50796,53.11,43.79,1
3,3/6/20,PALLMALL RED REG 100 BX,2720000867,1,50796,63.73,59.4,12
3,3/7/20,PALLMALL RED REG 100 BX,2720000867,1,50796,15.93,14.85,3
3,3/8/20,PALLMALL RED REG 100 BX,2720000867,1,50796,10.62,9.9,2
3,3/21/20,PALLMALL RED REG 100 BX,2720000867,1,50796,15.93,14.85,3
3,3/22/20,PALLMALL RED REG 100 BX,2720000867,1,50796,42.49,39.6,8
3,3/23/20,PALLMALL RED REG 100 BX,2720000867,1,50796,10.62,9.9,2
3,3/24/20,PALLMALL RED REG 100 BX,2720000867,1,50796,10.62,9.9,2
3,3/25/20,PALLMALL RED REG 100 BX,2720000867,1,50796,10.62,9.9,2
3,3/26/20,PALLMALL RED REG 100 BX,2720000867,1,50796,26.56,24.75,5
3,3/27/20,PALLMALL RED REG 100 BX,2720000867,1,50796,21.24,19.8,4
3,3/27/20,PALLMALL RED REG 100 BX,2720001867,10,50796,53.11,43.79,1
3,3/28/20,PALLMALL RED REG 100 BX,2720000867,1,50796,53.11,49.5,10
3,3/29/20,PALLMALL RED REG 100 BX,2720000867,1,50796,58.42,54.45,11
3,3/30/20,PALLMALL RED REG 100 BX,2720000867,1,50796,31.87,29.7,6
3,3/31/20,PALLMALL RED REG 100 BX,2720000867,1,50796,5.31,4.95,1
3,4/1/20,PALLMALL RED REG 100 BX,2720000867,1,50796,26.56,24.75,5
3,4/2/20,PALLMALL RED REG 100 BX,2720000867,1,50796,31.87,29.7,6
3,4/3/20,PALLMALL RED REG 100 BX,2720001867,10,50796,53.11,43.79,1
3,4/3/20,PALLMALL RED REG 100 BX,2720000867,1,50796,58.42,54.45,11
3,4/4/20,PALLMALL RED REG 100 BX,2720000867,1,50796,15.93,14.85,3
3,4/5/20,PALLMALL RED REG 100 BX,2720000867,1,50796,31.87,29.7,6
3,4/6/20,PALLMALL RED REG 100 BX,2720000867,1,50796,31.87,29.7,6
3,4/7/20,PALLMALL RED REG 100 BX,2720000867,1,50796,10.62,9.9,2
3,4/8/20,PALLMALL RED REG 100 BX,2720000867,1,50796,37.18,34.65,7
3,4/9/20,PALLMALL RED REG 100 BX,2720000867,1,50796,21.24,19.8,4
3,4/10/20,PALLMALL RED REG 100 BX,2720000867,1,50796,58.42,54.45,11
3,4/11/20,PALLMALL RED REG 100 BX,2720000867,1,50796,15.93,14.85,3
3,4/12/20,PALLMALL RED REG 100 BX,2720000867,1,50796,10.62,9.9,2
3,4/24/20,PALLMALL RED REG 100 BX,2720001867,10,50796,53.11,42.29,1
3,4/26/20,PALLMALL RED REG 100 BX,2720000867,1,50796,10.62,9.9,2
3,4/26/20,PALLMALL RED REG 100 BX,2720000867,1,50796,10.62,9.6,2
3,4/27/20,PALLMALL RED REG 100 BX,2720000867,1,50796,10.62,9.9,2
3,4/29/20,PALLMALL RED REG 100 BX,2720000867,1,50796,15.93,14.85,3
3,4/30/20,PALLMALL RED REG 100 BX,2720000867,1,50796,21.24,19.8,4
3,4/30/20,PALLMALL RED REG 100 BX,2720000867,1,50796,47.8,40.05,9
3,5/1/20,PALLMALL RED REG 100 BX,2720001867,10,50796,53.11,38.79,1
3,5/1/20,PALLMALL RED REG 100 BX,2720000867,1,50796,15.93,14.85,3
3,5/1/20,PALLMALL RED REG 100 BX,2720000867,1,50796,31.87,26.7,6
3,5/2/20,PALLMALL RED REG 100 BX,2720000867,1,50796,15.93,14.85,3
3,5/3/20,PALLMALL RED REG 100 BX,2720000867,1,50796,31.87,29.7,6
3,2/7/20,PALLMALL WHITE 100 MEN BX,2720034734,1,50760,10.42,9.66,2
3,2/8/20,PALLMALL WHITE 100 MEN BX,2720034734,1,50760,5.21,4.83,1
3,3/8/20,PALLMALL WHITE 100 MEN BX,2720034734,1,50760,5.31,4.95,1
3,3/14/20,PALLMALL WHITE 100 MEN BX,2720034734,1,50760,5.31,4.95,1
3,4/6/20,PALLMALL WHITE 100 MEN BX,2720034734,1,50760,5.31,4.95,1
3,4/19/20,PALLMALL WHITE 100 MEN BX,2720034734,1,50760,5.31,4.95,1
3,2/20/20,PYRAMID BLUE 100 BX,1100000406,1,50725,4.31,5.4,1
3,3/5/20,PYRAMID BLUE 100 BX,1100000406,1,50725,4.31,5.4,1
3,3/14/20,PYRAMID BLUE 100 BX,1100000406,1,50725,4.31,5.4,1
3,4/7/20,PYRAMID BLUE 100 BX,1100000406,1,50725,17.24,21.6,4
3,4/20/20,PYRAMID BLUE 100 BX,1100000406,1,50725,4.31,5.4,1
3,4/1/20,PYRAMID BLUE KS BX,1100000493,1,50748,8.62,10.8,2
3,2/6/20,PYRAMID GOLD MEN 100 BX,1100000409,1,50724,4.23,5.3,1
3,3/3/20,PYRAMID GOLD MEN 100 BX,1100000409,1,50724,4.31,5.4,1
3,3/4/20,PYRAMID GOLD MEN 100 BX,1100000409,1,50724,8.62,10.8,2
3,3/27/20,PYRAMID GOLD MEN 100 BX,1100000409,1,50724,4.31,5.4,1
3,4/13/20,PYRAMID GOLD MEN 100 BX,1100000409,1,50724,4.31,5.4,1
3,4/15/20,PYRAMID GOLD MEN 100 BX,1100000409,1,50724,4.31,5.4,1
3,2/26/20,PYRAMID GOLD MEN KS BX,1100000494,1,50740,4.31,5.4,1
3,3/17/20,PYRAMID GOLD MEN KS BX,1100000494,1,50740,4.31,5.4,1
3,2/9/20,PYRAMID RED 100 BX,1100000408,1,50750,4.23,5.3,1
3,2/14/20,PYRAMID RED 100 BX,1100000408,1,50750,8.45,10.6,2
3,2/18/20,PYRAMID RED 100 BX,1100000408,1,50750,8.62,10.8,2
3,2/20/20,PYRAMID RED 100 BX,1100000408,1,50750,8.62,10.8,2
3,2/23/20,PYRAMID RED 100 BX,1100000408,1,50750,8.62,10.8,2
3,2/25/20,PYRAMID RED 100 BX,1100000408,1,50750,8.62,10.8,2
3,2/27/20,PYRAMID RED 100 BX,1100000408,1,50750,8.62,10.8,2
3,3/13/20,PYRAMID RED 100 BX,1100000408,1,50750,8.62,10.8,2
3,3/17/20,PYRAMID RED 100 BX,1100000408,1,50750,4.31,5.4,1
3,3/19/20,PYRAMID RED 100 BX,1100000408,1,50750,8.62,10.8,2
3,3/20/20,PYRAMID RED 100 BX,1100000408,1,50750,8.62,10.8,2
3,3/30/20,PYRAMID RED 100 BX,1100000408,1,50750,8.62,10.8,2
3,4/1/20,PYRAMID RED 100 BX,1100000408,1,50750,8.62,10.8,2
3,4/2/20,PYRAMID RED 100 BX,1100010408,10,50750,43.09,48.99,1
3,4/8/20,PYRAMID RED 100 BX,1100000408,1,50750,8.62,10.8,2
3,4/15/20,PYRAMID RED 100 BX,1100000408,1,50750,8.62,10.8,2
3,4/24/20,PYRAMID RED 100 BX,1100000408,1,50750,4.31,5.4,1
3,2/9/20,PYRAMID RED KS BX,1100000492,1,50735,8.45,10.6,2
3,2/14/20,PYRAMID RED KS BX,1100000492,1,50735,4.23,5.3,1
3,2/17/20,PYRAMID RED KS BX,1100000492,1,50735,4.23,5.3,1
3,2/21/20,PYRAMID RED KS BX,1100000492,1,50735,4.31,5.4,1
3,2/25/20,PYRAMID RED KS BX,1100000492,1,50735,4.31,5.4,1
3,3/19/20,PYRAMID RED KS BX,1100000492,1,50735,4.31,5.4,1
3,3/20/20,PYRAMID RED KS BX,1100000492,1,50735,4.31,5.4,1
3,4/15/20,PYRAMID RED KS BX,1100000492,1,50735,4.31,5.4,1
3,4/26/20,PYRAMID RED KS BX,1100000492,1,50735,4.31,5.4,1
3,2/9/20,PYRAMID SILVER MEN 100 BX,1100000407,1,50753,4.23,5.3,1
3,2/11/20,PYRAMID SILVER MEN 100 BX,1100000407,1,50753,8.45,10.6,2
3,2/13/20,PYRAMID SILVER MEN 100 BX,1100000407,1,50753,4.23,5.3,1
3,2/14/20,PYRAMID SILVER MEN 100 BX,1100000407,1,50753,4.23,5.3,1
3,2/15/20,PYRAMID SILVER MEN 100 BX,1100000407,1,50753,8.45,10.6,2
3,2/19/20,PYRAMID SILVER MEN 100 BX,1100000407,1,50753,8.62,10.8,2
3,2/20/20,PYRAMID SILVER MEN 100 BX,1100000407,1,50753,4.31,5.4,1
3,2/21/20,PYRAMID SILVER MEN 100 BX,1100000407,1,50753,8.62,10.8,2
3,3/12/20,PYRAMID SILVER MEN 100 BX,1100000407,1,50753,8.62,10.8,2
3,3/13/20,PYRAMID SILVER MEN 100 BX,1100000407,1,50753,8.62,10.8,2
3,3/15/20,PYRAMID SILVER MEN 100 BX,1100000407,1,50753,12.93,16.2,3
3,3/19/20,PYRAMID SILVER MEN 100 BX,1100000407,1,50753,4.31,5.4,1
3,3/21/20,PYRAMID SILVER MEN 100 BX,1100000407,1,50753,4.31,5.4,1
3,3/27/20,PYRAMID SILVER MEN 100 BX,1100000407,1,50753,8.62,10.8,2
3,3/28/20,PYRAMID SILVER MEN 100 BX,1100000407,1,50753,8.62,10.8,2
3,3/29/20,PYRAMID SILVER MEN 100 BX,1100000407,1,50753,4.31,5.4,1
3,3/30/20,PYRAMID SILVER MEN 100 BX,1100000407,1,50753,4.31,5.4,1
3,3/31/20,PYRAMID SILVER MEN 100 BX,1100000407,1,50753,8.62,10.8,2
3,4/3/20,PYRAMID SILVER MEN 100 BX,1100000407,1,50753,4.31,5.4,1
3,4/5/20,PYRAMID SILVER MEN 100 BX,1100000407,1,50753,8.62,10.8,2
3,4/6/20,PYRAMID SILVER MEN 100 BX,1100000407,1,50753,4.31,5.4,1
3,4/8/20,PYRAMID SILVER MEN 100 BX,1100000407,1,50753,8.62,10.8,2
3,4/10/20,PYRAMID SILVER MEN 100 BX,1100000407,1,50753,8.62,10.8,2
3,4/11/20,PYRAMID SILVER MEN 100 BX,1100000407,1,50753,17.24,21.6,4
3,4/18/20,PYRAMID SILVER MEN 100 BX,1100000407,1,50753,4.31,5.4,1
3,4/21/20,PYRAMID SILVER MEN 100 BX,1100000407,1,50753,8.62,10.8,2
3,4/30/20,PYRAMID SILVER MEN 100 BX,1100000407,1,50753,4.31,5.4,1
3,2/24/20,PYRAMID SILVER MEN KS BX,1100000495,1,50736,8.62,10.8,2
3,2/29/20,PYRAMID SILVER MEN KS BX,1100000495,1,50736,4.31,5.4,1
3,3/1/20,PYRAMID SILVER MEN KS BX,1100000495,1,50736,4.31,5.4,1
3,3/2/20,PYRAMID SILVER MEN KS BX,1100000495,1,50736,8.62,10.8,2
3,2/5/20,SALEM GOLD 100 BX,9050000094,1,50889,5.81,6.93,1
3,2/8/20,SALEM GOLD 100 BX,9050000094,1,50889,5.81,6.93,1
3,2/10/20,SALEM GOLD 100 BX,9050000094,1,50889,5.81,6.93,1
3,2/16/20,SALEM GOLD 100 BX,9050000094,1,50889,5.81,6.93,1
3,2/21/20,SALEM GOLD 100 BX,9050000094,1,50889,5.9,7.03,1
3,2/25/20,SALEM GOLD 100 BX,9050000094,1,50889,5.9,7.03,1
3,2/26/20,SALEM GOLD 100 BX,9050000094,1,50889,5.9,7.03,1
3,3/4/20,SALEM GOLD 100 BX,9050000094,1,50889,5.9,7.03,1
3,3/5/20,SALEM GOLD 100 BX,9050000094,1,50889,5.9,7.03,1
3,3/6/20,SALEM GOLD 100 BX,9050000094,1,50889,5.9,7.03,1
3,3/10/20,SALEM GOLD 100 BX,9050000094,1,50889,11.79,14.06,2
3,3/11/20,SALEM GOLD 100 BX,9050000094,1,50889,5.9,7.03,1
3,3/12/20,SALEM GOLD 100 BX,9050000094,1,50889,5.9,7.03,1
3,3/14/20,SALEM GOLD 100 BX,9050000094,1,50889,5.9,7.03,1
3,3/16/20,SALEM GOLD 100 BX,9050000094,1,50889,5.9,7.03,1
3,3/17/20,SALEM GOLD 100 BX,9050000094,1,50889,5.9,7.03,1
3,3/20/20,SALEM GOLD 100 BX,9050000094,1,50889,11.79,14.06,2
3,3/21/20,SALEM GOLD 100 BX,9050000094,1,50889,11.79,14.06,2
3,3/23/20,SALEM GOLD 100 BX,9050000094,1,50889,5.9,7.03,1
3,3/24/20,SALEM GOLD 100 BX,9050000094,1,50889,11.79,14.06,2
3,4/2/20,SALEM GOLD 100 BX,9050000094,1,50889,5.9,7.03,1
3,4/19/20,SALEM GOLD 100 BX,9050000094,1,50889,5.9,7.03,1
3,4/21/20,SALEM GOLD 100 BX,9050000094,1,50889,11.79,14.06,2
3,2/27/20,SALEM GOLD KS BX,9050000093,1,50894,5.9,7.03,1
3,2/28/20,SALEM GOLD KS BX,9050000093,1,50894,5.9,7.03,1
3,2/29/20,SALEM GOLD KS BX,9050000093,1,50894,5.9,7.03,1
3,3/4/20,SALEM GOLD KS BX,9050000093,1,50894,5.9,7.03,1
3,3/10/20,SALEM GOLD KS BX,9050000093,1,50894,5.9,7.03,1
3,3/11/20,SALEM GOLD KS BX,9050000093,1,50894,5.9,7.03,1
3,3/16/20,SALEM GOLD KS BX,9050000093,1,50894,5.9,7.03,1
3,3/26/20,SALEM GOLD KS BX,9050000093,1,50894,5.9,7.03,1
3,3/27/20,SALEM GOLD KS BX,9050000093,1,50894,5.9,7.03,1
3,4/4/20,SALEM GOLD KS BX,9050000093,1,50894,5.9,7.03,1
3,4/8/20,SALEM GOLD KS BX,9050000093,1,50894,5.9,7.03,1
3,4/11/20,SALEM GOLD KS BX,9050000093,1,50894,5.9,7.03,1
3,4/14/20,SALEM GOLD KS BX,9050000093,1,50894,5.9,7.03,1
3,2/10/20,SALEM MEN KS BX,9050000090,1,50857,5.81,6.93,1
3,2/23/20,SALEM MEN KS BX,9050000090,1,50857,5.9,7.03,1
3,3/14/20,SALEM MEN KS BX,9050000090,1,50857,5.9,7.03,1
3,3/21/20,SALEM MEN KS BX,9050000090,1,50857,5.9,7.03,1
3,3/27/20,SALEM MEN KS BX,9050000090,1,50857,5.9,7.03,1
3,3/28/20,SALEM MEN KS BX,9050000090,1,50857,5.9,7.03,1
3,4/5/20,SALEM MEN KS BX,9050000090,1,50857,5.9,7.03,1
3,4/6/20,SALEM MEN KS BX,9050000090,1,50857,5.9,7.03,1
3,4/10/20,SALEM MEN KS BX,9050000090,1,50857,5.9,7.03,1
3,4/19/20,SALEM MEN KS BX,9050000090,1,50857,5.9,7.03,1
3,4/20/20,SALEM MEN KS BX,9050000090,1,50857,5.9,7.03,1
3,4/27/20,SALEM MEN KS BX,9050000090,1,50857,5.9,7.03,1
3,5/1/20,SALEM MEN KS BX,9050000090,1,50857,5.9,7.03,1
3,5/2/20,SALEM MEN KS BX,9050000090,1,50857,5.9,7.03,1
3,5/3/20,SALEM MEN KS BX,9050000090,1,50857,5.9,7.03,1
3,2/8/20,SALEM SLIM 100 BX,9050000092,1,50717,5.81,6.93,1
3,2/16/20,SALEM SLIM 100 BX,9050000092,1,50717,5.81,6.93,1
3,2/21/20,SALEM SLIM 100 BX,9050000092,1,50717,5.9,7.03,1
3,2/29/20,SALEM SLIM 100 BX,9050000092,1,50717,11.79,14.06,2
3,3/4/20,SALEM SLIM 100 BX,9050000092,1,50717,5.9,7.03,1
3,3/23/20,SALEM SLIM 100 BX,9050000092,1,50717,11.79,14.06,2
3,3/26/20,SALEM SLIM 100 BX,9050000092,1,50717,5.9,7.03,1
3,3/28/20,SALEM SLIM 100 BX,9050000092,1,50717,5.9,7.03,1
3,4/22/20,SALEM SLIM 100 BX,9050000092,1,50717,5.9,7.03,1
3,4/24/20,SALEM SLIM 100 BX,9050000092,1,50717,5.9,7.03,1
3,4/29/20,SALEM SLIM 100 BX,9050000092,1,50717,5.9,7.03,1
3,2/5/20,WINSTON GOLD REG 100 BX,9050000061,1,50888,5.66,5.85,1
3,2/8/20,WINSTON GOLD REG 100 BX,9050000061,1,50888,22.62,23.4,4
3,2/12/20,WINSTON GOLD REG 100 BX,9050000061,1,50888,5.66,5.85,1
3,3/1/20,WINSTON GOLD REG 100 BX,9050000061,1,50888,11.48,11.9,2
3,3/2/20,WINSTON GOLD REG 100 BX,9050000061,1,50888,5.74,5.95,1
3,4/3/20,WINSTON GOLD REG 100 BX,9050000061,1,50888,11.48,11.9,2
3,2/18/20,WINSTON GOLD REG KS BX,9050000059,1,50879,5.74,5.85,1
3,2/19/20,WINSTON GOLD REG KS BX,9050000059,1,50879,5.74,5.95,1
3,2/26/20,WINSTON GOLD REG KS BX,9050000059,1,50879,5.74,5.95,1
3,2/27/20,WINSTON GOLD REG KS BX,9050000059,1,50879,5.74,5.95,1
3,3/1/20,WINSTON GOLD REG KS BX,9050000059,1,50879,11.48,11.9,2
3,3/5/20,WINSTON GOLD REG KS BX,9050000059,1,50879,5.74,5.95,1
3,3/11/20,WINSTON GOLD REG KS BX,9050000059,1,50879,11.48,11.9,2
3,3/14/20,WINSTON GOLD REG KS BX,9050000059,1,50879,5.74,5.95,1
3,3/19/20,WINSTON GOLD REG KS BX,9050000059,1,50879,5.74,5.95,1
3,3/29/20,WINSTON GOLD REG KS BX,9050000059,1,50879,5.74,5.95,1
3,4/5/20,WINSTON GOLD REG KS BX,9050000059,1,50879,11.48,11.9,2
3,4/10/20,WINSTON GOLD REG KS BX,9050000059,1,50879,11.48,11.9,2
3,4/13/20,WINSTON GOLD REG KS BX,9050000059,1,50879,11.48,11.9,2
3,4/15/20,WINSTON GOLD REG KS BX,9050000059,1,50879,11.48,11.9,2
3,4/23/20,WINSTON GOLD REG KS BX,9050000059,1,50879,5.74,5.95,1
3,4/24/20,WINSTON GOLD REG KS BX,9050000059,1,50879,11.48,11.9,2
3,2/9/20,WINSTON RED REG 100 BX,9050000058,1,50891,16.97,17.55,3
3,2/10/20,WINSTON RED REG 100 BX,9050000058,1,50891,5.66,5.85,1
3,3/12/20,WINSTON RED REG 100 BX,9050000058,1,50891,5.74,5.95,1
3,3/25/20,WINSTON RED REG 100 BX,9050000058,1,50891,5.74,5.95,1
3,3/29/20,WINSTON RED REG 100 BX,9050000058,1,50891,11.48,11.9,2
3,4/4/20,WINSTON RED REG 100 BX,9050000058,1,50891,5.74,5.95,1
3,4/14/20,WINSTON RED REG 100 BX,9050000058,1,50891,5.74,5.95,1
3,4/19/20,WINSTON RED REG 100 BX,9050000058,1,50891,5.74,5.95,1
3,5/3/20,WINSTON RED REG 100 BX,9050000058,1,50891,5.74,5.95,1
3,2/13/20,WINSTON RED REG KS BX,9050000057,1,50826,5.66,5.85,1
3,2/16/20,WINSTON RED REG KS BX,9050010009,10,50826,56.55,54.39,1
3,3/3/20,WINSTON RED REG KS BX,9050000057,1,50826,5.74,5.95,1
3,3/8/20,WINSTON RED REG KS BX,9050000057,1,50826,5.74,5.95,1
3,4/3/20,WINSTON RED REG KS BX,9050000057,1,50826,5.74,5.95,1